Transaction_ID,Timestamp,Stock_ID,Buyer_ID,Seller_ID,Price,Volume,Memo
M_000033,2020-01-01T09:01:10,STK_004,USR_009,USR_004,1218.04,156,Normal
M_000005,2020-01-01T09:06:16,STK_001,USR_007,USR_004,3274.17,67,Normal
M_000010,2020-01-01T09:10:38,STK_001,USR_006,USR_004,3237.15,132,Normal
M_000020,2020-01-01T09:17:09,STK_003,USR_010,USR_002,1462.40,131,Normal
M_000011,2020-01-01T09:31:38,STK_002,USR_002,USR_010,221.31,53,Normal
M_000017,2020-01-01T09:34:58,STK_003,USR_010,USR_002,1464.74,127,Normal
M_000029,2020-01-01T09:41:10,STK_004,USR_002,USR_009,1223.59,11,Normal
M_000002,2020-01-01T09:49:38,STK_001,USR_004,USR_001,3291.09,331,Normal
M_000008,2020-01-01T09:58:06,STK_003,USR_004,USR_010,1468.17,88,Normal
M_000003,2020-01-01T10:27:22,STK_004,USR_008,USR_001,1234.81,205,Normal
M_000028,2020-01-01T10:40:12,STK_003,USR_004,USR_005,1466.30,108,Normal
M_000035,2020-01-01T10:43:42,STK_003,USR_001,USR_003,1467.84,306,Normal
M_000027,2020-01-01T10:43:52,STK_005,USR_003,USR_006,3725.53,226,Normal
M_000015,2020-01-01T10:49:51,STK_003,USR_007,USR_006,1456.04,234,Normal
M_000032,2020-01-01T10:56:44,STK_004,USR_004,USR_001,1231.38,204,Normal
M_000031,2020-01-01T11:09:05,STK_002,USR_008,USR_009,220.58,256,Normal
M_000007,2020-01-01T11:23:50,STK_005,USR_010,USR_005,3682.74,477,Normal
M_000021,2020-01-01T11:32:05,STK_004,USR_010,USR_005,1230.78,77,Normal
M_000006,2020-01-01T11:40:17,STK_004,USR_009,USR_001,1227.24,11,Normal
M_000001,2020-01-01T12:17:41,STK_002,USR_010,USR_003,221.68,262,Normal
M_000009,2020-01-01T12:24:12,STK_002,USR_007,USR_003,219.81,260,Normal
M_000026,2020-01-01T12:39:53,STK_003,USR_005,USR_002,1461.98,108,Normal
M_000034,2020-01-01T12:51:01,STK_005,USR_008,USR_009,3666.83,89,Normal
M_000025,2020-01-01T13:15:03,STK_001,USR_002,USR_008,3260.55,41,Normal
M_000023,2020-01-01T13:18:18,STK_004,USR_002,USR_005,1232.41,48,Normal
M_000013,2020-01-01T13:19:34,STK_005,USR_006,USR_005,3697.14,280,Normal
M_000012,2020-01-01T13:25:24,STK_001,USR_003,USR_007,3248.77,67,Normal
M_000016,2020-01-01T13:42:39,STK_004,USR_005,USR_001,1239.11,125,Normal
M_000022,2020-01-01T14:11:51,STK_005,USR_004,USR_009,3670.10,411,Normal
M_000018,2020-01-01T14:21:22,STK_002,USR_003,USR_002,222.01,53,Normal
M_000004,2020-01-01T14:25:26,STK_004,USR_005,USR_008,1227.21,205,Normal
M_000014,2020-01-01T14:31:16,STK_004,USR_010,USR_005,1224.51,205,Normal
M_000019,2020-01-01T14:44:39,STK_001,USR_002,USR_003,3242.05,473,Normal
M_000030,2020-01-01T14:56:09,STK_005,USR_001,USR_010,3706.52,57,Normal
M_000024,2020-01-01T14:59:53,STK_004,USR_008,USR_006,1226.40,220,Normal
M_000036,2020-01-02T09:31:13,STK_001,USR_009,USR_006,3301.61,132,Normal
M_000044,2020-01-02T09:39:37,STK_001,USR_002,USR_004,3323.67,47,Normal
M_000060,2020-01-02T09:56:08,STK_003,USR_009,USR_010,1458.29,462,Normal
M_000064,2020-01-02T09:59:02,STK_004,USR_009,USR_001,1232.25,123,Normal
M_000054,2020-01-02T10:11:26,STK_003,USR_009,USR_002,1454.25,292,Normal
M_000049,2020-01-02T10:13:20,STK_003,USR_003,USR_001,1465.43,306,Normal
M_000056,2020-01-02T10:21:24,STK_005,USR_007,USR_001,3606.48,308,Normal
M_000047,2020-01-02T10:26:09,STK_004,USR_010,USR_006,1217.56,14,Normal
M_000062,2020-01-02T10:28:44,STK_002,USR_001,USR_007,224.41,101,Normal
M_000038,2020-01-02T10:41:29,STK_001,USR_002,USR_008,3331.05,355,Normal
M_000065,2020-01-02T10:48:59,STK_004,USR_005,USR_008,1206.67,220,Normal
M_000051,2020-01-02T10:55:01,STK_003,USR_006,USR_003,1459.50,268,Normal
M_000039,2020-01-02T11:08:27,STK_004,USR_005,USR_001,1224.79,306,Normal
M_000058,2020-01-02T11:48:21,STK_003,USR_001,USR_010,1470.35,470,Normal
M_000042,2020-01-02T11:51:35,STK_002,USR_008,USR_007,222.27,77,Normal
M_000063,2020-01-02T12:01:25,STK_004,USR_006,USR_005,1222.47,91,Normal
M_000046,2020-01-02T12:10:36,STK_001,USR_007,USR_002,3328.97,155,Normal
M_000059,2020-01-02T12:15:24,STK_002,USR_004,USR_009,223.10,351,Normal
M_000061,2020-01-02T12:41:56,STK_005,USR_005,USR_004,3588.66,411,Normal
M_000053,2020-01-02T12:51:19,STK_003,USR_001,USR_002,1454.91,180,Normal
M_000055,2020-01-02T12:53:34,STK_005,USR_003,USR_001,3596.74,48,Normal
M_000052,2020-01-02T13:26:48,STK_003,USR_003,USR_002,1461.65,334,Normal
M_000037,2020-01-02T13:50:03,STK_002,USR_010,USR_003,222.19,51,Normal
M_000045,2020-01-02T13:53:37,STK_002,USR_005,USR_009,223.85,77,Normal
M_000057,2020-01-02T14:01:45,STK_002,USR_003,USR_007,222.62,31,Normal
M_000050,2020-01-02T14:02:08,STK_002,USR_006,USR_005,223.78,77,Normal
M_000048,2020-01-02T14:02:53,STK_003,USR_002,USR_010,1460.74,490,Normal
M_000040,2020-01-02T14:24:41,STK_001,USR_002,USR_008,3284.33,162,Normal
M_000043,2020-01-02T14:52:31,STK_003,USR_007,USR_004,1458.05,196,Normal
M_000041,2020-01-02T14:59:00,STK_005,USR_005,USR_008,3587.99,89,Normal
M_000067,2020-01-03T09:37:54,STK_003,USR_010,USR_003,1456.85,214,Normal
M_000066,2020-01-03T10:45:28,STK_004,USR_006,USR_004,1223.59,48,Normal
M_000074,2020-01-03T10:47:36,STK_003,USR_002,USR_006,1450.40,495,Normal
M_000069,2020-01-03T11:22:39,STK_002,USR_001,USR_007,222.51,51,Normal
M_000076,2020-01-03T11:44:00,STK_005,USR_008,USR_006,3441.46,177,Normal
M_000075,2020-01-03T12:00:19,STK_005,USR_002,USR_008,3448.62,378,Normal
M_000073,2020-01-03T12:58:08,STK_001,USR_010,USR_007,3373.54,155,Normal
M_000068,2020-01-03T13:52:50,STK_003,USR_003,USR_001,1465.00,459,Normal
M_000072,2020-01-03T14:14:53,STK_002,USR_001,USR_004,224.11,372,Normal
M_000070,2020-01-03T14:25:48,STK_004,USR_007,USR_005,1219.98,233,Normal
M_000071,2020-01-03T14:31:04,STK_005,USR_008,USR_001,3431.16,470,Normal
M_000079,2020-01-04T09:00:13,STK_003,USR_005,USR_003,1444.76,230,Normal
M_000085,2020-01-04T09:13:20,STK_001,USR_009,USR_002,3430.48,322,Normal
M_000086,2020-01-04T09:39:46,STK_004,USR_004,USR_006,1217.78,377,Normal
M_000093,2020-01-04T10:26:55,STK_004,USR_005,USR_010,1215.69,126,Normal
M_000082,2020-01-04T10:32:40,STK_001,USR_010,USR_003,3426.03,349,Normal
M_000078,2020-01-04T10:35:02,STK_005,USR_008,USR_006,3343.46,290,Normal
M_000089,2020-01-04T10:36:03,STK_005,USR_001,USR_010,3343.41,295,Normal
M_000077,2020-01-04T10:44:46,STK_004,USR_007,USR_009,1217.12,279,Normal
M_000084,2020-01-04T11:08:16,STK_003,USR_004,USR_005,1438.93,85,Normal
M_000094,2020-01-04T11:15:01,STK_003,USR_008,USR_010,1462.52,330,Normal
M_000090,2020-01-04T11:16:05,STK_001,USR_003,USR_004,3431.98,420,Normal
M_000087,2020-01-04T12:29:42,STK_004,USR_004,USR_005,1226.79,85,Normal
M_000081,2020-01-04T13:01:28,STK_002,USR_009,USR_008,218.40,333,Normal
M_000091,2020-01-04T13:13:45,STK_005,USR_009,USR_008,3307.07,323,Normal
M_000092,2020-01-04T13:35:40,STK_004,USR_009,USR_010,1215.16,170,Normal
M_000080,2020-01-04T14:16:44,STK_005,USR_009,USR_007,3335.19,236,Normal
M_000083,2020-01-04T14:45:40,STK_005,USR_002,USR_007,3333.38,72,Normal
M_000088,2020-01-04T14:58:17,STK_001,USR_008,USR_001,3436.25,122,Normal
M_000101,2020-01-05T09:03:13,STK_003,USR_008,USR_005,1459.53,145,Normal
M_000111,2020-01-05T09:37:28,STK_001,USR_001,USR_010,3406.65,250,Normal
M_000113,2020-01-05T10:08:56,STK_004,USR_005,USR_002,1191.75,59,Normal
M_000115,2020-01-05T10:29:26,STK_003,USR_001,USR_002,1445.36,485,Normal
M_000117,2020-01-05T10:48:18,STK_001,USR_004,USR_007,3392.56,62,Normal
M_000102,2020-01-05T10:59:50,STK_003,USR_008,USR_009,1439.63,24,Normal
M_000095,2020-01-05T11:08:03,STK_003,USR_007,USR_006,1449.15,223,Normal
M_000112,2020-01-05T11:15:02,STK_002,USR_004,USR_001,220.92,132,Normal
M_000114,2020-01-05T11:19:56,STK_003,USR_002,USR_003,1434.84,408,Normal
M_000107,2020-01-05T11:22:04,STK_004,USR_004,USR_007,1180.61,242,Normal
M_000118,2020-01-05T11:44:42,STK_005,USR_001,USR_002,3418.58,187,Normal
M_000116,2020-01-05T11:50:22,STK_005,USR_007,USR_009,3437.75,492,Normal
M_000108,2020-01-05T11:58:30,STK_003,USR_005,USR_009,1447.14,290,Normal
M_000097,2020-01-05T12:29:11,STK_002,USR_004,USR_010,220.27,42,Normal
M_000103,2020-01-05T12:32:22,STK_003,USR_003,USR_009,1444.44,440,Normal
M_000105,2020-01-05T12:35:11,STK_005,USR_003,USR_001,3388.94,339,Normal
M_000098,2020-01-05T12:46:34,STK_004,USR_010,USR_004,1195.24,248,Normal
M_000099,2020-01-05T12:47:04,STK_001,USR_008,USR_002,3396.07,209,Normal
M_000109,2020-01-05T12:50:13,STK_003,USR_009,USR_002,1437.09,19,Normal
M_000106,2020-01-05T12:54:04,STK_002,USR_003,USR_006,221.36,35,Normal
M_000104,2020-01-05T13:15:15,STK_002,USR_010,USR_009,220.72,23,Normal
M_000121,2020-01-05T13:27:42,STK_001,USR_007,USR_004,3398.89,335,Normal
M_000120,2020-01-05T13:36:19,STK_003,USR_008,USR_001,1449.37,431,Normal
M_000119,2020-01-05T13:50:56,STK_004,USR_006,USR_009,1188.46,45,Normal
M_000110,2020-01-05T13:54:35,STK_001,USR_004,USR_008,3446.55,331,Normal
M_000096,2020-01-05T13:54:59,STK_001,USR_004,USR_002,3433.57,128,Normal
M_000100,2020-01-05T14:18:59,STK_001,USR_007,USR_010,3430.08,254,Normal
M_000132,2020-01-06T09:09:25,STK_001,USR_005,USR_003,3349.01,217,Normal
M_000130,2020-01-06T10:44:20,STK_001,USR_008,USR_002,3313.50,42,Normal
M_000139,2020-01-06T10:46:00,STK_003,USR_007,USR_004,1446.82,85,Normal
M_000136,2020-01-06T11:05:54,STK_001,USR_007,USR_004,3343.41,71,Normal
M_000133,2020-01-06T11:12:52,STK_003,USR_009,USR_007,1446.34,293,Normal
M_000125,2020-01-06T11:14:04,STK_001,USR_009,USR_003,3317.83,134,Normal
M_000123,2020-01-06T11:27:30,STK_005,USR_008,USR_010,3443.08,248,Normal
M_000140,2020-01-06T11:45:04,STK_001,USR_006,USR_003,3314.92,33,Normal
M_000135,2020-01-06T12:12:08,STK_004,USR_006,USR_005,1195.33,138,Normal
M_000128,2020-01-06T12:13:46,STK_003,USR_005,USR_007,1443.65,460,Normal
M_000122,2020-01-06T12:57:50,STK_002,USR_009,USR_010,222.83,241,Normal
M_000124,2020-01-06T12:57:52,STK_005,USR_007,USR_006,3444.13,200,Normal
M_000126,2020-01-06T13:13:47,STK_005,USR_006,USR_008,3471.17,24,Normal
M_000138,2020-01-06T13:24:26,STK_003,USR_005,USR_010,1450.52,61,Normal
M_000127,2020-01-06T13:29:57,STK_003,USR_009,USR_003,1455.74,118,Normal
M_000134,2020-01-06T13:49:57,STK_003,USR_010,USR_008,1459.29,179,Normal
M_000137,2020-01-06T13:52:39,STK_002,USR_005,USR_003,225.71,388,Normal
M_000131,2020-01-06T14:03:12,STK_002,USR_009,USR_006,224.47,42,Normal
M_000129,2020-01-06T14:25:34,STK_003,USR_001,USR_010,1457.07,274,Normal
M_000152,2020-01-07T09:01:27,STK_004,USR_009,USR_006,1199.03,159,Normal
M_000153,2020-01-07T09:17:49,STK_002,USR_006,USR_003,222.30,369,Normal
M_000144,2020-01-07T09:35:41,STK_004,USR_002,USR_009,1215.78,125,Normal
M_000155,2020-01-07T10:02:40,STK_005,USR_003,USR_005,3510.96,475,Normal
M_000143,2020-01-07T10:40:41,STK_001,USR_009,USR_005,3271.06,68,Normal
M_000150,2020-01-07T10:53:28,STK_002,USR_002,USR_004,224.04,90,Normal
M_000151,2020-01-07T11:10:59,STK_002,USR_002,USR_005,223.77,90,Normal
M_000156,2020-01-07T11:25:04,STK_002,USR_002,USR_001,223.48,94,Normal
M_000142,2020-01-07T11:35:17,STK_004,USR_008,USR_010,1208.18,184,Normal
M_000157,2020-01-07T11:47:59,STK_005,USR_009,USR_006,3474.21,73,Normal
M_000148,2020-01-07T13:06:02,STK_004,USR_008,USR_004,1202.36,34,Normal
M_000154,2020-01-07T13:07:57,STK_001,USR_006,USR_004,3250.59,413,Normal
M_000147,2020-01-07T14:04:46,STK_004,USR_010,USR_005,1193.04,164,Normal
M_000146,2020-01-07T14:07:23,STK_003,USR_005,USR_002,1455.94,70,Normal
M_000149,2020-01-07T14:10:32,STK_005,USR_003,USR_001,3492.08,495,Normal
M_000145,2020-01-07T14:43:45,STK_001,USR_004,USR_003,3285.64,425,Normal
M_000141,2020-01-07T14:48:21,STK_004,USR_002,USR_001,1199.54,303,Normal
M_000184,2020-01-08T09:20:13,STK_002,USR_002,USR_008,224.16,129,Normal
M_000160,2020-01-08T09:21:58,STK_002,USR_010,USR_004,226.15,343,Normal
M_000172,2020-01-08T09:50:54,STK_002,USR_009,USR_002,224.10,274,Normal
M_000173,2020-01-08T10:04:09,STK_002,USR_006,USR_005,224.70,270,Normal
M_000186,2020-01-08T10:18:43,STK_004,USR_002,USR_003,1198.76,250,Normal
M_000171,2020-01-08T10:26:29,STK_003,USR_010,USR_001,1441.81,218,Normal
M_000163,2020-01-08T10:27:49,STK_003,USR_008,USR_009,1440.05,157,Normal
M_000181,2020-01-08T10:43:01,STK_002,USR_008,USR_006,226.19,129,Normal
M_000159,2020-01-08T11:05:01,STK_005,USR_006,USR_001,3519.01,305,Normal
M_000187,2020-01-08T11:24:44,STK_003,USR_002,USR_009,1437.91,273,Normal
M_000169,2020-01-08T11:25:50,STK_005,USR_006,USR_003,3511.46,234,Normal
M_000174,2020-01-08T11:29:19,STK_004,USR_008,USR_010,1200.23,114,Normal
M_000178,2020-01-08T11:43:03,STK_005,USR_003,USR_009,3512.07,238,Normal
M_000165,2020-01-08T11:51:46,STK_003,USR_002,USR_008,1464.03,405,Normal
M_000158,2020-01-08T11:56:01,STK_005,USR_001,USR_006,3509.87,56,Normal
M_000188,2020-01-08T11:59:26,STK_005,USR_006,USR_008,3500.85,330,Normal
M_000183,2020-01-08T12:28:12,STK_004,USR_003,USR_008,1196.67,263,Normal
M_000164,2020-01-08T12:38:42,STK_005,USR_009,USR_001,3509.07,55,Normal
M_000166,2020-01-08T12:40:44,STK_005,USR_010,USR_001,3510.05,246,Normal
M_000162,2020-01-08T12:43:00,STK_003,USR_002,USR_008,1440.06,449,Normal
M_000182,2020-01-08T12:44:20,STK_001,USR_009,USR_006,3287.80,371,Normal
M_000167,2020-01-08T12:45:41,STK_001,USR_010,USR_004,3305.40,195,Normal
M_000177,2020-01-08T12:46:36,STK_003,USR_001,USR_007,1422.95,154,Normal
M_000185,2020-01-08T13:00:27,STK_001,USR_008,USR_009,3297.91,17,Normal
M_000175,2020-01-08T13:09:27,STK_005,USR_008,USR_003,3501.49,107,Normal
M_000170,2020-01-08T13:24:43,STK_001,USR_005,USR_001,3281.56,373,Normal
M_000189,2020-01-08T13:26:29,STK_005,USR_003,USR_001,3488.65,130,Normal
M_000179,2020-01-08T13:54:08,STK_004,USR_007,USR_004,1193.45,292,Normal
M_000180,2020-01-08T13:56:47,STK_004,USR_007,USR_006,1200.31,455,Normal
M_000176,2020-01-08T14:27:20,STK_005,USR_002,USR_003,3540.56,151,Normal
M_000168,2020-01-08T14:40:02,STK_004,USR_001,USR_010,1208.89,114,Normal
M_000161,2020-01-08T14:46:40,STK_004,USR_009,USR_002,1197.51,188,Normal
M_000196,2020-01-09T09:05:07,STK_004,USR_010,USR_006,1204.77,90,Normal
M_000202,2020-01-09T09:26:47,STK_005,USR_005,USR_009,3490.38,266,Normal
M_000192,2020-01-09T09:30:38,STK_003,USR_007,USR_003,1377.39,39,Normal
M_000197,2020-01-09T09:40:20,STK_004,USR_005,USR_007,1203.69,337,Normal
M_000211,2020-01-09T09:41:07,STK_002,USR_004,USR_010,227.75,215,Normal
M_000190,2020-01-09T09:49:21,STK_004,USR_003,USR_002,1212.79,237,Normal
M_000205,2020-01-09T09:53:03,STK_001,USR_009,USR_005,3419.37,27,Normal
M_000208,2020-01-09T10:12:10,STK_005,USR_010,USR_006,3461.39,266,Normal
M_000193,2020-01-09T10:19:30,STK_002,USR_003,USR_009,228.39,97,Normal
M_000191,2020-01-09T10:30:51,STK_003,USR_002,USR_001,1372.72,176,Normal
M_000204,2020-01-09T10:43:50,STK_005,USR_003,USR_005,3427.49,110,Normal
M_000203,2020-01-09T11:05:40,STK_005,USR_004,USR_007,3471.56,335,Normal
M_000209,2020-01-09T11:28:50,STK_002,USR_009,USR_005,228.70,28,Normal
M_000207,2020-01-09T11:41:10,STK_003,USR_003,USR_008,1373.31,54,Normal
M_000210,2020-01-09T11:41:11,STK_003,USR_002,USR_010,1371.80,249,Normal
M_000199,2020-01-09T12:30:05,STK_004,USR_005,USR_002,1210.09,205,Normal
M_000212,2020-01-09T12:37:02,STK_005,USR_002,USR_006,3397.76,414,Normal
M_000198,2020-01-09T12:51:43,STK_003,USR_005,USR_010,1390.35,111,Normal
M_000195,2020-01-09T13:11:50,STK_003,USR_006,USR_005,1375.88,351,Normal
M_000200,2020-01-09T14:12:20,STK_003,USR_005,USR_006,1369.49,21,Normal
M_000206,2020-01-09T14:16:31,STK_003,USR_002,USR_003,1386.91,475,Normal
M_000194,2020-01-09T14:38:26,STK_002,USR_003,USR_010,226.45,128,Normal
M_000201,2020-01-09T14:59:28,STK_004,USR_001,USR_005,1213.18,299,Normal
M_000215,2020-01-10T09:13:40,STK_005,USR_006,USR_009,3379.12,478,Normal
M_000222,2020-01-10T09:17:52,STK_003,USR_009,USR_005,1344.26,237,Normal
M_000219,2020-01-10T10:03:25,STK_001,USR_010,USR_004,3340.97,79,Normal
M_000218,2020-01-10T10:16:20,STK_001,USR_006,USR_001,3357.62,262,Normal
M_000225,2020-01-10T10:43:39,STK_001,USR_002,USR_008,3368.56,59,Normal
M_000226,2020-01-10T10:55:50,STK_005,USR_002,USR_001,3381.55,412,Normal
M_000223,2020-01-10T11:08:56,STK_003,USR_007,USR_002,1341.20,288,Normal
M_000227,2020-01-10T12:02:08,STK_002,USR_005,USR_002,225.26,45,Normal
M_000214,2020-01-10T12:28:05,STK_003,USR_005,USR_001,1344.67,47,Normal
M_000220,2020-01-10T12:32:15,STK_004,USR_010,USR_006,1249.95,224,Normal
M_000213,2020-01-10T13:08:22,STK_003,USR_005,USR_007,1340.83,309,Normal
M_000217,2020-01-10T13:13:33,STK_003,USR_008,USR_007,1351.60,69,Normal
M_000228,2020-01-10T14:02:40,STK_002,USR_004,USR_005,229.08,45,Normal
M_000221,2020-01-10T14:20:45,STK_002,USR_002,USR_004,226.89,436,Normal
M_000216,2020-01-10T14:33:11,STK_002,USR_002,USR_009,225.04,335,Normal
M_000224,2020-01-10T14:52:09,STK_003,USR_008,USR_001,1344.55,151,Normal
M_000231,2020-01-11T09:14:04,STK_002,USR_007,USR_001,225.31,298,Normal
M_000238,2020-01-11T09:17:00,STK_001,USR_007,USR_009,3236.52,228,Normal
M_000240,2020-01-11T09:44:07,STK_003,USR_002,USR_003,1355.79,74,Normal
M_000239,2020-01-11T09:58:57,STK_004,USR_002,USR_008,1248.88,69,Normal
M_000234,2020-01-11T10:02:04,STK_001,USR_009,USR_008,3215.19,279,Normal
M_000244,2020-01-11T10:02:29,STK_005,USR_008,USR_004,3315.11,241,Normal
M_000245,2020-01-11T11:04:47,STK_004,USR_009,USR_006,1262.09,214,Normal
M_000232,2020-01-11T11:09:56,STK_005,USR_001,USR_006,3327.24,99,Normal
M_000247,2020-01-11T11:19:12,STK_003,USR_009,USR_003,1363.32,44,Normal
M_000233,2020-01-11T11:24:55,STK_001,USR_008,USR_003,3232.13,279,Normal
M_000241,2020-01-11T11:30:11,STK_005,USR_009,USR_010,3325.54,374,Normal
M_000242,2020-01-11T11:57:35,STK_004,USR_005,USR_010,1257.90,242,Normal
M_000235,2020-01-11T12:17:43,STK_005,USR_002,USR_010,3328.06,241,Normal
M_000246,2020-01-11T12:47:11,STK_001,USR_008,USR_006,3216.82,170,Normal
M_000236,2020-01-11T13:35:09,STK_002,USR_001,USR_007,226.33,298,Normal
M_000243,2020-01-11T13:36:05,STK_005,USR_002,USR_007,3312.82,86,Normal
M_000230,2020-01-11T13:55:01,STK_003,USR_002,USR_003,1356.25,348,Normal
M_000229,2020-01-11T14:25:29,STK_001,USR_003,USR_005,3223.01,76,Normal
M_000237,2020-01-11T14:59:50,STK_005,USR_009,USR_005,3326.63,339,Normal
M_000251,2020-01-12T09:28:05,STK_003,USR_007,USR_006,1387.32,63,Normal
M_000262,2020-01-12T09:28:43,STK_002,USR_001,USR_003,225.70,355,Normal
M_000268,2020-01-12T09:29:55,STK_001,USR_006,USR_004,3228.99,494,Normal
M_000263,2020-01-12T09:44:33,STK_003,USR_007,USR_008,1393.84,220,Normal
M_000248,2020-01-12T09:52:44,STK_003,USR_010,USR_003,1398.55,40,Normal
M_000250,2020-01-12T10:06:45,STK_004,USR_008,USR_006,1279.12,70,Normal
M_000258,2020-01-12T10:18:14,STK_005,USR_002,USR_008,3350.13,82,Normal
M_000269,2020-01-12T10:55:21,STK_002,USR_005,USR_009,224.83,158,Normal
M_000255,2020-01-12T11:03:30,STK_004,USR_009,USR_010,1278.57,23,Normal
M_000272,2020-01-12T11:05:40,STK_005,USR_006,USR_010,3374.02,46,Normal
M_000278,2020-01-12T11:19:47,STK_002,USR_004,USR_003,225.34,399,Normal
M_000266,2020-01-12T11:34:41,STK_005,USR_010,USR_009,3368.34,351,Normal
M_000267,2020-01-12T11:48:26,STK_001,USR_008,USR_004,3202.44,283,Normal
M_000257,2020-01-12T11:48:44,STK_003,USR_001,USR_007,1404.02,102,Normal
M_000270,2020-01-12T11:59:11,STK_001,USR_009,USR_001,3200.06,392,Normal
M_000261,2020-01-12T12:22:05,STK_003,USR_002,USR_006,1394.98,380,Normal
M_000260,2020-01-12T12:25:27,STK_004,USR_006,USR_009,1282.16,90,Normal
M_000275,2020-01-12T12:36:08,STK_003,USR_004,USR_006,1379.42,180,Normal
M_000273,2020-01-12T12:36:51,STK_001,USR_001,USR_007,3204.26,245,Normal
M_000274,2020-01-12T12:41:12,STK_001,USR_003,USR_006,3217.26,420,Normal
M_000271,2020-01-12T12:55:11,STK_002,USR_008,USR_003,224.63,11,Normal
M_000253,2020-01-12T13:23:20,STK_002,USR_007,USR_001,224.85,298,Normal
M_000265,2020-01-12T13:39:48,STK_001,USR_008,USR_006,3198.90,66,Normal
M_000276,2020-01-12T13:49:46,STK_005,USR_007,USR_005,3354.97,189,Normal
M_000254,2020-01-12T14:03:47,STK_003,USR_006,USR_002,1390.15,303,Normal
M_000252,2020-01-12T14:15:37,STK_005,USR_003,USR_004,3372.52,94,Normal
M_000249,2020-01-12T14:20:17,STK_005,USR_006,USR_009,3367.42,353,Normal
M_000264,2020-01-12T14:31:32,STK_004,USR_005,USR_007,1274.70,120,Normal
M_000256,2020-01-12T14:32:35,STK_003,USR_004,USR_001,1383.79,81,Normal
M_000259,2020-01-12T14:45:47,STK_001,USR_010,USR_002,3193.81,120,Normal
M_000277,2020-01-12T14:52:29,STK_002,USR_002,USR_004,224.75,5,Normal
M_000282,2020-01-13T09:40:31,STK_003,USR_008,USR_010,1388.63,29,Normal
M_000298,2020-01-13T09:42:08,STK_003,USR_010,USR_003,1379.44,404,Normal
M_000317,2020-01-13T09:43:16,STK_001,USR_004,USR_005,3328.61,419,Normal
M_000314,2020-01-13T09:54:06,STK_003,USR_003,USR_004,1373.17,20,Normal
M_000308,2020-01-13T09:56:01,STK_005,USR_006,USR_002,3284.73,52,Normal
M_000321,2020-01-13T10:00:32,STK_004,USR_010,USR_006,1274.59,18,Normal
M_000318,2020-01-13T10:21:39,STK_005,USR_007,USR_010,3273.25,66,Normal
M_000309,2020-01-13T10:27:33,STK_003,USR_010,USR_009,1388.44,85,Normal
M_000306,2020-01-13T10:28:30,STK_002,USR_006,USR_003,229.94,36,Normal
M_000301,2020-01-13T10:38:45,STK_005,USR_009,USR_003,3264.52,32,Normal
M_000320,2020-01-13T11:10:13,STK_004,USR_008,USR_009,1274.33,42,Normal
M_000287,2020-01-13T11:15:18,STK_004,USR_010,USR_008,1274.37,70,Normal
M_000291,2020-01-13T11:17:37,STK_005,USR_007,USR_003,3323.50,51,Normal
M_000289,2020-01-13T11:34:29,STK_004,USR_006,USR_007,1269.37,357,Normal
M_000303,2020-01-13T11:35:36,STK_004,USR_010,USR_004,1269.46,130,Normal
M_000315,2020-01-13T11:36:40,STK_004,USR_003,USR_007,1282.92,221,Normal
M_000319,2020-01-13T11:37:20,STK_002,USR_002,USR_006,228.17,34,Normal
M_000281,2020-01-13T11:45:22,STK_003,USR_007,USR_001,1379.31,102,Normal
M_000304,2020-01-13T11:49:00,STK_004,USR_007,USR_005,1275.25,18,Normal
M_000290,2020-01-13T12:00:03,STK_001,USR_007,USR_009,3316.37,155,Normal
M_000286,2020-01-13T12:07:33,STK_001,USR_003,USR_009,3311.84,30,Normal
M_000311,2020-01-13T12:10:55,STK_001,USR_001,USR_007,3338.43,212,Normal
M_000296,2020-01-13T12:18:01,STK_003,USR_005,USR_004,1386.30,184,Normal
M_000313,2020-01-13T12:24:45,STK_002,USR_007,USR_001,228.32,355,Normal
M_000294,2020-01-13T12:25:43,STK_003,USR_010,USR_004,1379.72,57,Normal
M_000293,2020-01-13T12:34:03,STK_002,USR_006,USR_002,231.32,296,Normal
M_000302,2020-01-13T12:44:23,STK_003,USR_009,USR_005,1381.39,322,Normal
M_000323,2020-01-13T12:54:25,STK_001,USR_004,USR_007,3318.44,302,Normal
M_000310,2020-01-13T12:58:55,STK_001,USR_009,USR_004,3286.30,168,Normal
M_000280,2020-01-13T13:00:10,STK_001,USR_009,USR_008,3313.47,333,Normal
M_000284,2020-01-13T13:12:42,STK_005,USR_001,USR_010,3306.18,240,Normal
M_000316,2020-01-13T13:16:11,STK_004,USR_001,USR_006,1273.56,473,Normal
M_000297,2020-01-13T13:25:34,STK_002,USR_003,USR_004,231.36,89,Normal
M_000312,2020-01-13T13:34:09,STK_003,USR_008,USR_005,1393.20,51,Normal
M_000299,2020-01-13T13:54:47,STK_005,USR_007,USR_001,3285.70,313,Normal
M_000279,2020-01-13T14:08:17,STK_005,USR_006,USR_007,3294.79,87,Normal
M_000305,2020-01-13T14:11:31,STK_004,USR_005,USR_010,1276.47,230,Normal
M_000285,2020-01-13T14:12:12,STK_002,USR_009,USR_006,229.64,8,Normal
M_000292,2020-01-13T14:18:15,STK_002,USR_005,USR_006,229.95,23,Normal
M_000288,2020-01-13T14:33:02,STK_002,USR_007,USR_006,228.97,479,Normal
M_000300,2020-01-13T14:37:31,STK_002,USR_003,USR_007,228.17,93,Normal
M_000322,2020-01-13T14:45:07,STK_005,USR_003,USR_005,3292.13,159,Normal
M_000307,2020-01-13T14:50:10,STK_004,USR_006,USR_009,1270.62,293,Normal
M_000283,2020-01-13T14:52:04,STK_001,USR_009,USR_010,3306.34,152,Normal
M_000295,2020-01-13T14:52:48,STK_004,USR_006,USR_010,1279.85,19,Normal
M_000327,2020-01-14T09:08:52,STK_003,USR_007,USR_003,1390.67,133,Normal
M_000335,2020-01-14T09:26:06,STK_003,USR_002,USR_007,1386.64,166,Normal
M_000332,2020-01-14T10:48:56,STK_001,USR_005,USR_007,3238.59,190,Normal
M_000329,2020-01-14T12:12:24,STK_005,USR_003,USR_007,3372.47,230,Normal
M_000336,2020-01-14T12:20:59,STK_004,USR_009,USR_008,1293.66,42,Normal
M_000337,2020-01-14T12:31:09,STK_003,USR_009,USR_005,1392.85,69,Normal
M_000333,2020-01-14T12:37:29,STK_005,USR_005,USR_009,3381.00,28,Normal
M_000331,2020-01-14T13:09:57,STK_001,USR_004,USR_006,3256.59,32,Normal
M_000330,2020-01-14T13:13:44,STK_004,USR_004,USR_003,1288.15,42,Normal
M_000326,2020-01-14T13:16:45,STK_001,USR_006,USR_008,3258.18,139,Normal
M_000325,2020-01-14T13:37:04,STK_005,USR_001,USR_010,3320.85,209,Normal
M_000324,2020-01-14T13:45:53,STK_003,USR_010,USR_003,1380.56,288,Normal
M_000334,2020-01-14T14:53:17,STK_002,USR_007,USR_006,230.21,298,Normal
M_000328,2020-01-14T14:58:51,STK_001,USR_003,USR_007,3225.38,32,Normal
M_000343,2020-01-15T09:19:00,STK_002,USR_005,USR_002,229.36,408,Normal
M_000373,2020-01-15T09:32:43,STK_002,USR_008,USR_005,229.58,257,Normal
M_000364,2020-01-15T09:43:04,STK_003,USR_010,USR_003,1419.27,150,Normal
M_000339,2020-01-15T09:43:43,STK_003,USR_005,USR_007,1415.85,238,Normal
M_000351,2020-01-15T10:06:58,STK_002,USR_002,USR_009,230.25,241,Normal
M_000365,2020-01-15T10:08:21,STK_003,USR_010,USR_009,1416.96,57,Normal
M_000360,2020-01-15T10:10:05,STK_005,USR_004,USR_003,3247.75,231,Normal
M_000346,2020-01-15T10:15:11,STK_005,USR_008,USR_007,3233.55,170,Normal
M_000356,2020-01-15T10:15:50,STK_002,USR_001,USR_005,230.19,194,Normal
M_000352,2020-01-15T10:34:17,STK_004,USR_007,USR_002,1238.93,117,Normal
M_000338,2020-01-15T10:38:33,STK_005,USR_007,USR_006,3234.01,62,Normal
M_000348,2020-01-15T10:41:36,STK_004,USR_010,USR_009,1234.02,70,Normal
M_000363,2020-01-15T11:03:08,STK_003,USR_005,USR_008,1412.80,231,Normal
M_000377,2020-01-15T11:12:01,STK_004,USR_006,USR_001,1245.70,240,Normal
M_000372,2020-01-15T11:13:44,STK_004,USR_009,USR_004,1227.82,42,Normal
M_000378,2020-01-15T11:15:23,STK_002,USR_002,USR_001,231.69,3,Normal
M_000349,2020-01-15T11:22:57,STK_003,USR_008,USR_010,1422.50,119,Normal
M_000354,2020-01-15T11:43:48,STK_002,USR_003,USR_008,231.26,11,Normal
M_000362,2020-01-15T11:46:05,STK_002,USR_007,USR_002,231.37,433,Normal
M_000358,2020-01-15T11:48:54,STK_004,USR_008,USR_009,1237.20,131,Normal
M_000375,2020-01-15T11:54:23,STK_003,USR_003,USR_007,1429.42,399,Normal
M_000353,2020-01-15T12:09:44,STK_001,USR_009,USR_010,3158.20,95,Normal
M_000340,2020-01-15T12:11:59,STK_004,USR_007,USR_001,1251.45,324,Normal
M_000355,2020-01-15T12:17:25,STK_005,USR_002,USR_005,3282.92,59,Normal
M_000376,2020-01-15T12:22:21,STK_005,USR_002,USR_009,3263.25,117,Normal
M_000345,2020-01-15T12:22:35,STK_003,USR_002,USR_006,1417.52,10,Normal
M_000379,2020-01-15T12:29:47,STK_005,USR_004,USR_007,3317.62,453,Normal
M_000341,2020-01-15T12:57:32,STK_003,USR_003,USR_002,1418.28,40,Normal
M_000359,2020-01-15T13:05:44,STK_004,USR_010,USR_008,1238.68,131,Normal
M_000374,2020-01-15T13:13:38,STK_002,USR_003,USR_004,232.91,170,Normal
M_000366,2020-01-15T13:34:28,STK_002,USR_003,USR_007,231.08,97,Normal
M_000361,2020-01-15T13:34:37,STK_001,USR_010,USR_002,3206.21,88,Normal
M_000357,2020-01-15T14:01:16,STK_002,USR_002,USR_005,230.72,2,Normal
M_000368,2020-01-15T14:07:48,STK_001,USR_003,USR_001,3187.05,33,Normal
M_000370,2020-01-15T14:12:27,STK_004,USR_001,USR_007,1238.54,264,Normal
M_000350,2020-01-15T14:34:09,STK_003,USR_008,USR_009,1420.35,112,Normal
M_000371,2020-01-15T14:42:30,STK_005,USR_006,USR_005,3262.83,257,Normal
M_000342,2020-01-15T14:48:10,STK_004,USR_010,USR_006,1252.23,268,Normal
M_000369,2020-01-15T14:50:19,STK_005,USR_004,USR_005,3258.65,402,Normal
M_000344,2020-01-15T14:52:20,STK_003,USR_007,USR_008,1417.36,80,Normal
M_000347,2020-01-15T14:54:44,STK_003,USR_002,USR_003,1417.12,23,Normal
M_000367,2020-01-15T14:59:45,STK_005,USR_006,USR_010,3277.35,441,Normal
M_000398,2020-01-16T09:09:05,STK_003,USR_002,USR_008,1380.94,1,Normal
M_000425,2020-01-16T09:20:22,STK_002,USR_003,USR_008,229.70,4,Normal
M_000419,2020-01-16T09:27:43,STK_005,USR_005,USR_004,3289.98,36,Normal
M_000401,2020-01-16T09:28:02,STK_005,USR_003,USR_008,3272.63,278,Normal
M_000406,2020-01-16T09:34:00,STK_002,USR_004,USR_010,231.05,215,Normal
M_000424,2020-01-16T09:48:51,STK_005,USR_010,USR_004,3284.88,388,Normal
M_000382,2020-01-16T09:49:10,STK_004,USR_009,USR_007,1198.33,133,Normal
M_000390,2020-01-16T09:52:48,STK_004,USR_007,USR_005,1211.37,295,Normal
M_000420,2020-01-16T09:54:43,STK_004,USR_009,USR_006,1197.62,61,Normal
M_000418,2020-01-16T09:59:39,STK_005,USR_004,USR_010,3269.75,134,Normal
M_000413,2020-01-16T10:06:33,STK_005,USR_007,USR_009,3264.58,468,Normal
M_000421,2020-01-16T10:15:04,STK_001,USR_003,USR_010,3216.82,159,Normal
M_000408,2020-01-16T10:34:34,STK_004,USR_006,USR_007,1200.78,170,Normal
M_000405,2020-01-16T10:51:21,STK_004,USR_009,USR_007,1197.22,209,Normal
M_000383,2020-01-16T10:57:29,STK_005,USR_001,USR_006,3262.88,35,Normal
M_000403,2020-01-16T11:12:16,STK_001,USR_005,USR_002,3232.09,19,Normal
M_000410,2020-01-16T11:14:37,STK_003,USR_005,USR_010,1386.65,125,Normal
M_000416,2020-01-16T11:20:03,STK_004,USR_005,USR_003,1192.18,429,Normal
M_000386,2020-01-16T11:24:26,STK_003,USR_006,USR_007,1390.61,33,Normal
M_000384,2020-01-16T11:33:39,STK_004,USR_009,USR_007,1212.35,44,Normal
M_000423,2020-01-16T11:36:52,STK_003,USR_001,USR_006,1391.00,64,Normal
M_000415,2020-01-16T11:37:05,STK_001,USR_009,USR_006,3258.31,282,Normal
M_000388,2020-01-16T11:37:36,STK_001,USR_010,USR_009,3247.37,240,Normal
M_000411,2020-01-16T11:42:32,STK_003,USR_009,USR_005,1395.91,172,Normal
M_000396,2020-01-16T11:43:25,STK_005,USR_010,USR_006,3295.81,434,Normal
M_000380,2020-01-16T11:50:47,STK_002,USR_009,USR_003,229.87,273,Normal
M_000407,2020-01-16T11:57:31,STK_004,USR_007,USR_009,1201.91,170,Normal
M_000393,2020-01-16T12:01:53,STK_004,USR_009,USR_007,1201.07,86,Normal
M_000409,2020-01-16T12:13:29,STK_003,USR_004,USR_010,1384.35,500,Normal
M_000391,2020-01-16T12:19:40,STK_002,USR_010,USR_004,231.36,215,Normal
M_000414,2020-01-16T12:35:28,STK_003,USR_006,USR_004,1391.35,31,Normal
M_000387,2020-01-16T12:38:46,STK_001,USR_007,USR_005,3270.13,190,Normal
M_000404,2020-01-16T13:00:51,STK_003,USR_003,USR_009,1391.00,27,Normal
M_000381,2020-01-16T13:14:56,STK_004,USR_009,USR_005,1193.66,21,Normal
M_000412,2020-01-16T13:22:02,STK_003,USR_005,USR_010,1394.14,157,Normal
M_000392,2020-01-16T13:33:06,STK_001,USR_002,USR_001,3229.28,41,Normal
M_000397,2020-01-16T13:38:22,STK_005,USR_005,USR_008,3311.94,253,Normal
M_000385,2020-01-16T13:53:06,STK_001,USR_008,USR_002,3260.42,73,Normal
M_000417,2020-01-16T13:54:08,STK_003,USR_005,USR_010,1394.44,80,Normal
M_000389,2020-01-16T14:00:17,STK_003,USR_002,USR_010,1384.67,75,Normal
M_000399,2020-01-16T14:18:46,STK_003,USR_009,USR_002,1394.58,145,Normal
M_000394,2020-01-16T14:31:05,STK_005,USR_007,USR_003,3266.25,486,Normal
M_000395,2020-01-16T14:34:49,STK_003,USR_008,USR_003,1381.05,325,Normal
M_000402,2020-01-16T14:43:31,STK_005,USR_003,USR_007,3270.90,430,Normal
M_000422,2020-01-16T14:56:33,STK_004,USR_004,USR_009,1192.43,397,Normal
M_000400,2020-01-16T14:58:02,STK_005,USR_004,USR_010,3269.94,379,Normal
M_000452,2020-01-17T09:01:38,STK_002,USR_002,USR_007,225.39,33,Normal
M_000454,2020-01-17T09:37:41,STK_004,USR_006,USR_001,1171.18,219,Normal
M_000457,2020-01-17T09:43:49,STK_005,USR_007,USR_003,3204.85,70,Normal
M_000434,2020-01-17T09:47:22,STK_004,USR_002,USR_010,1181.55,2,Normal
M_000430,2020-01-17T10:01:31,STK_003,USR_009,USR_003,1384.82,341,Normal
M_000439,2020-01-17T10:04:33,STK_004,USR_003,USR_005,1175.27,1,Normal
M_000435,2020-01-17T10:16:47,STK_004,USR_005,USR_004,1158.60,13,Normal
M_000442,2020-01-17T10:23:39,STK_004,USR_006,USR_009,1172.18,31,Normal
M_000447,2020-01-17T10:29:51,STK_003,USR_008,USR_009,1385.44,69,Normal
M_000458,2020-01-17T10:37:28,STK_005,USR_010,USR_007,3221.53,75,Normal
M_000455,2020-01-17T10:38:17,STK_002,USR_007,USR_009,224.41,201,Normal
M_000448,2020-01-17T10:52:10,STK_005,USR_002,USR_008,3230.84,35,Normal
M_000459,2020-01-17T11:01:37,STK_001,USR_006,USR_001,3256.82,247,Normal
M_000444,2020-01-17T11:15:08,STK_005,USR_010,USR_002,3241.97,238,Normal
M_000431,2020-01-17T11:20:30,STK_002,USR_007,USR_001,224.01,205,Normal
M_000436,2020-01-17T11:22:25,STK_004,USR_009,USR_002,1168.42,2,Normal
M_000437,2020-01-17T11:25:48,STK_003,USR_001,USR_005,1392.83,143,Normal
M_000432,2020-01-17T11:41:07,STK_005,USR_003,USR_004,3219.56,146,Normal
M_000427,2020-01-17T11:42:57,STK_005,USR_002,USR_010,3223.92,81,Normal
M_000428,2020-01-17T12:02:58,STK_003,USR_010,USR_009,1386.15,278,Normal
M_000456,2020-01-17T12:28:53,STK_004,USR_007,USR_010,1170.70,202,Normal
M_000453,2020-01-17T12:51:23,STK_003,USR_010,USR_002,1394.87,40,Normal
M_000451,2020-01-17T13:12:31,STK_003,USR_008,USR_001,1390.84,140,Normal
M_000429,2020-01-17T13:29:44,STK_002,USR_005,USR_009,224.20,108,Normal
M_000426,2020-01-17T13:30:32,STK_002,USR_001,USR_005,223.13,14,Normal
M_000440,2020-01-17T13:34:26,STK_003,USR_006,USR_002,1384.63,198,Normal
M_000449,2020-01-17T13:38:43,STK_004,USR_009,USR_001,1175.41,77,Normal
M_000450,2020-01-17T13:40:18,STK_004,USR_001,USR_005,1170.62,296,Normal
M_000445,2020-01-17T13:48:27,STK_003,USR_003,USR_002,1391.17,41,Normal
M_000460,2020-01-17T13:57:20,STK_004,USR_004,USR_009,1171.03,77,Normal
M_000446,2020-01-17T13:59:05,STK_005,USR_010,USR_004,3231.18,86,Normal
M_000443,2020-01-17T13:59:57,STK_004,USR_004,USR_006,1179.94,203,Normal
M_000441,2020-01-17T14:35:40,STK_002,USR_004,USR_003,223.17,254,Normal
M_000433,2020-01-17T14:48:49,STK_004,USR_010,USR_006,1176.20,177,Normal
M_000438,2020-01-17T14:56:59,STK_003,USR_001,USR_004,1387.41,351,Normal
M_000470,2020-01-18T09:25:36,STK_003,USR_010,USR_007,1399.18,173,Normal
M_000465,2020-01-18T09:30:49,STK_002,USR_005,USR_007,231.87,129,Normal
M_000474,2020-01-18T09:31:28,STK_005,USR_008,USR_007,3305.22,295,Normal
M_000479,2020-01-18T09:39:44,STK_002,USR_009,USR_005,230.94,116,Normal
M_000461,2020-01-18T10:01:37,STK_001,USR_001,USR_007,3252.42,133,Normal
M_000472,2020-01-18T10:40:25,STK_005,USR_004,USR_009,3284.00,444,Normal
M_000481,2020-01-18T10:43:46,STK_001,USR_004,USR_010,3280.40,316,Normal
M_000476,2020-01-18T10:51:02,STK_003,USR_009,USR_002,1398.40,443,Normal
M_000462,2020-01-18T10:52:32,STK_001,USR_001,USR_002,3292.66,22,Normal
M_000473,2020-01-18T11:03:04,STK_003,USR_009,USR_003,1391.96,478,Normal
M_000467,2020-01-18T11:44:48,STK_002,USR_010,USR_008,230.07,123,Normal
M_000480,2020-01-18T12:01:50,STK_003,USR_005,USR_001,1405.16,489,Normal
M_000477,2020-01-18T12:22:39,STK_001,USR_001,USR_006,3280.93,147,Normal
M_000478,2020-01-18T12:25:59,STK_005,USR_001,USR_010,3299.44,457,Normal
M_000468,2020-01-18T12:45:51,STK_003,USR_001,USR_005,1402.33,295,Normal
M_000471,2020-01-18T12:47:22,STK_004,USR_006,USR_003,1169.40,1,Normal
M_000464,2020-01-18T12:59:43,STK_002,USR_004,USR_007,228.85,396,Normal
M_000475,2020-01-18T13:49:26,STK_002,USR_004,USR_009,229.57,140,Normal
M_000466,2020-01-18T14:14:37,STK_003,USR_006,USR_010,1400.27,131,Normal
M_000469,2020-01-18T14:23:07,STK_002,USR_010,USR_009,233.17,263,Normal
M_000463,2020-01-18T14:26:28,STK_001,USR_001,USR_005,3301.46,19,Normal
M_000482,2020-01-18T14:30:05,STK_002,USR_004,USR_009,230.24,292,Normal
M_000498,2020-01-19T09:03:36,STK_005,USR_007,USR_009,3242.57,16,Normal
M_000506,2020-01-19T09:05:09,STK_002,USR_009,USR_003,227.37,442,Normal
M_000499,2020-01-19T09:09:08,STK_005,USR_010,USR_005,3238.62,156,Normal
M_000500,2020-01-19T09:09:21,STK_005,USR_003,USR_007,3234.47,64,Normal
M_000508,2020-01-19T09:23:14,STK_002,USR_009,USR_006,228.57,148,Normal
M_000509,2020-01-19T09:25:25,STK_001,USR_005,USR_009,3242.05,470,Normal
M_000494,2020-01-19T09:40:35,STK_001,USR_001,USR_010,3206.26,221,Normal
M_000501,2020-01-19T09:52:36,STK_005,USR_005,USR_003,3218.08,108,Normal
M_000495,2020-01-19T10:15:05,STK_002,USR_004,USR_003,231.30,14,Normal
M_000487,2020-01-19T10:19:41,STK_001,USR_010,USR_004,3211.93,488,Normal
M_000493,2020-01-19T10:40:30,STK_005,USR_010,USR_001,3235.37,27,Normal
M_000517,2020-01-19T10:41:26,STK_005,USR_002,USR_007,3209.93,246,Normal
M_000489,2020-01-19T10:47:08,STK_003,USR_008,USR_005,1395.93,301,Normal
M_000496,2020-01-19T10:59:27,STK_005,USR_006,USR_008,3232.94,40,Normal
M_000516,2020-01-19T11:04:35,STK_003,USR_007,USR_010,1399.37,231,Normal
M_000514,2020-01-19T11:06:46,STK_001,USR_007,USR_008,3237.68,349,Normal
M_000490,2020-01-19T11:14:12,STK_004,USR_006,USR_007,1194.50,141,Normal
M_000511,2020-01-19T11:51:45,STK_001,USR_003,USR_005,3249.06,208,Normal
M_000515,2020-01-19T11:58:14,STK_001,USR_009,USR_006,3225.59,100,Normal
M_000492,2020-01-19T12:12:20,STK_002,USR_010,USR_004,228.44,260,Normal
M_000505,2020-01-19T12:27:07,STK_004,USR_001,USR_010,1182.61,336,Normal
M_000513,2020-01-19T12:29:37,STK_002,USR_010,USR_003,227.35,391,Normal
M_000503,2020-01-19T12:36:45,STK_001,USR_008,USR_004,3254.75,229,Normal
M_000486,2020-01-19T12:46:03,STK_001,USR_004,USR_007,3254.66,57,Normal
M_000507,2020-01-19T12:56:58,STK_003,USR_010,USR_002,1407.57,480,Normal
M_000485,2020-01-19T13:16:24,STK_003,USR_007,USR_004,1411.36,118,Normal
M_000491,2020-01-19T13:26:51,STK_004,USR_003,USR_005,1189.52,385,Normal
M_000484,2020-01-19T13:40:03,STK_004,USR_002,USR_006,1193.67,220,Normal
M_000483,2020-01-19T13:51:26,STK_003,USR_006,USR_005,1414.58,194,Normal
M_000510,2020-01-19T13:56:34,STK_005,USR_004,USR_001,3203.51,485,Normal
M_000512,2020-01-19T14:07:59,STK_002,USR_010,USR_009,228.02,179,Normal
M_000504,2020-01-19T14:08:33,STK_002,USR_006,USR_005,230.04,243,Normal
M_000488,2020-01-19T14:18:57,STK_005,USR_005,USR_007,3210.74,88,Normal
M_000497,2020-01-19T14:37:25,STK_005,USR_009,USR_008,3232.62,18,Normal
M_000518,2020-01-19T14:37:50,STK_003,USR_002,USR_005,1406.09,52,Normal
M_000502,2020-01-19T14:38:28,STK_005,USR_007,USR_005,3238.47,146,Normal
M_000548,2020-01-20T09:05:45,STK_001,USR_004,USR_005,3319.08,262,Normal
M_000559,2020-01-20T09:15:56,STK_005,USR_009,USR_004,3224.65,313,Normal
M_000545,2020-01-20T09:20:04,STK_003,USR_002,USR_009,1363.77,65,Normal
M_000530,2020-01-20T09:42:00,STK_003,USR_004,USR_006,1365.95,379,Normal
M_000523,2020-01-20T09:48:56,STK_003,USR_002,USR_010,1378.74,315,Normal
M_000520,2020-01-20T09:49:58,STK_001,USR_009,USR_004,3331.13,194,Normal
M_000556,2020-01-20T10:02:51,STK_001,USR_006,USR_009,3340.19,341,Normal
M_000532,2020-01-20T10:13:59,STK_003,USR_008,USR_001,1365.12,180,Normal
M_000519,2020-01-20T10:24:15,STK_004,USR_007,USR_006,1163.90,64,Normal
M_000540,2020-01-20T10:54:29,STK_004,USR_002,USR_005,1188.68,261,Normal
M_000537,2020-01-20T11:12:23,STK_003,USR_005,USR_007,1361.24,428,Normal
M_000526,2020-01-20T11:12:34,STK_005,USR_003,USR_010,3195.45,137,Normal
M_000546,2020-01-20T11:15:34,STK_003,USR_001,USR_003,1363.57,298,Normal
M_000542,2020-01-20T11:17:59,STK_002,USR_007,USR_009,228.56,414,Normal
M_000563,2020-01-20T11:23:16,STK_004,USR_006,USR_009,1173.43,54,Normal
M_000528,2020-01-20T11:26:35,STK_004,USR_002,USR_003,1180.16,95,Normal
M_000521,2020-01-20T11:27:19,STK_001,USR_002,USR_003,3328.19,105,Normal
M_000561,2020-01-20T11:32:00,STK_001,USR_010,USR_002,3326.02,105,Normal
M_000553,2020-01-20T11:50:20,STK_003,USR_004,USR_008,1371.04,2,Normal
M_000551,2020-01-20T12:08:23,STK_001,USR_002,USR_004,3347.63,161,Normal
M_000565,2020-01-20T12:12:13,STK_004,USR_006,USR_003,1183.31,290,Normal
M_000562,2020-01-20T12:19:46,STK_003,USR_009,USR_004,1374.03,68,Normal
M_000550,2020-01-20T12:24:19,STK_004,USR_010,USR_009,1190.15,87,Normal
M_000543,2020-01-20T12:25:53,STK_001,USR_008,USR_010,3352.80,267,Normal
M_000527,2020-01-20T12:27:55,STK_002,USR_006,USR_004,230.24,164,Normal
M_000564,2020-01-20T12:32:14,STK_005,USR_002,USR_007,3223.12,122,Normal
M_000538,2020-01-20T12:34:35,STK_003,USR_005,USR_002,1366.84,313,Normal
M_000536,2020-01-20T12:37:29,STK_003,USR_009,USR_005,1362.40,304,Normal
M_000544,2020-01-20T12:38:53,STK_005,USR_007,USR_010,3179.92,288,Normal
M_000558,2020-01-20T12:41:12,STK_002,USR_008,USR_004,226.89,212,Normal
M_000541,2020-01-20T12:43:26,STK_004,USR_006,USR_002,1164.17,133,Normal
M_000525,2020-01-20T12:45:59,STK_004,USR_010,USR_002,1178.22,243,Normal
M_000552,2020-01-20T12:47:10,STK_001,USR_004,USR_001,3353.22,160,Normal
M_000560,2020-01-20T12:54:35,STK_004,USR_005,USR_001,1182.43,115,Normal
M_000534,2020-01-20T12:55:10,STK_005,USR_006,USR_003,3204.44,174,Normal
M_000522,2020-01-20T12:55:22,STK_004,USR_002,USR_007,1183.92,23,Normal
M_000529,2020-01-20T12:57:23,STK_003,USR_005,USR_008,1366.21,257,Normal
M_000555,2020-01-20T13:07:05,STK_003,USR_006,USR_002,1362.53,32,Normal
M_000554,2020-01-20T13:23:44,STK_003,USR_002,USR_008,1358.40,220,Normal
M_000557,2020-01-20T13:41:48,STK_002,USR_003,USR_008,228.13,130,Normal
M_000549,2020-01-20T13:43:19,STK_005,USR_004,USR_010,3195.38,98,Normal
M_000539,2020-01-20T13:57:59,STK_002,USR_009,USR_002,227.03,36,Normal
M_000524,2020-01-20T14:26:36,STK_003,USR_001,USR_008,1373.81,159,Normal
M_000535,2020-01-20T14:29:26,STK_002,USR_006,USR_010,227.28,100,Normal
M_000566,2020-01-20T14:35:35,STK_005,USR_004,USR_002,3208.25,170,Normal
M_000533,2020-01-20T14:38:42,STK_004,USR_009,USR_006,1176.42,77,Normal
M_000531,2020-01-20T14:41:21,STK_004,USR_009,USR_004,1180.98,64,Normal
M_000547,2020-01-20T14:52:16,STK_004,USR_008,USR_007,1171.51,64,Normal
M_000572,2020-01-21T09:05:14,STK_004,USR_005,USR_004,1167.92,427,Normal
M_000576,2020-01-21T09:17:51,STK_003,USR_010,USR_004,1392.83,157,Normal
M_000575,2020-01-21T09:45:08,STK_005,USR_005,USR_001,3206.61,159,Normal
M_000580,2020-01-21T09:55:55,STK_002,USR_001,USR_006,222.85,240,Normal
M_000578,2020-01-21T10:01:49,STK_005,USR_006,USR_002,3170.97,357,Normal
M_000582,2020-01-21T10:04:06,STK_002,USR_007,USR_003,221.80,450,Normal
M_000577,2020-01-21T10:31:51,STK_004,USR_009,USR_010,1174.88,271,Normal
M_000569,2020-01-21T10:41:26,STK_004,USR_010,USR_004,1167.17,95,Normal
M_000584,2020-01-21T10:52:50,STK_002,USR_001,USR_010,221.57,301,Normal
M_000581,2020-01-21T11:23:31,STK_003,USR_009,USR_002,1392.15,453,Normal
M_000586,2020-01-21T11:56:45,STK_003,USR_006,USR_005,1379.46,39,Normal
M_000585,2020-01-21T12:11:35,STK_005,USR_010,USR_005,3184.53,96,Normal
M_000567,2020-01-21T12:23:52,STK_002,USR_007,USR_008,222.79,212,Normal
M_000573,2020-01-21T12:29:41,STK_005,USR_008,USR_009,3207.53,219,Normal
M_000571,2020-01-21T13:06:18,STK_005,USR_007,USR_001,3189.27,497,Normal
M_000570,2020-01-21T13:27:24,STK_003,USR_004,USR_003,1380.53,171,Normal
M_000574,2020-01-21T13:28:32,STK_004,USR_008,USR_010,1163.21,95,Normal
M_000579,2020-01-21T13:56:36,STK_003,USR_001,USR_009,1394.13,399,Normal
M_000568,2020-01-21T14:25:43,STK_002,USR_007,USR_009,220.85,226,Normal
M_000583,2020-01-21T14:33:17,STK_004,USR_003,USR_004,1173.31,78,Normal
M_000596,2020-01-22T09:26:26,STK_001,USR_009,USR_002,3290.52,18,Normal
M_000597,2020-01-22T10:07:51,STK_002,USR_009,USR_006,226.07,10,Normal
M_000595,2020-01-22T10:11:19,STK_005,USR_006,USR_008,3196.44,94,Normal
M_000588,2020-01-22T10:19:52,STK_003,USR_008,USR_004,1390.68,1,Normal
M_000593,2020-01-22T10:58:57,STK_004,USR_009,USR_005,1173.89,147,Normal
M_000594,2020-01-22T11:56:19,STK_003,USR_010,USR_007,1397.90,305,Normal
M_000589,2020-01-22T12:24:53,STK_004,USR_003,USR_002,1165.39,216,Normal
M_000598,2020-01-22T12:53:38,STK_002,USR_003,USR_009,222.85,461,Normal
M_000592,2020-01-22T13:10:22,STK_003,USR_010,USR_002,1403.30,213,Normal
M_000591,2020-01-22T13:26:32,STK_003,USR_003,USR_001,1384.23,384,Normal
M_000590,2020-01-22T13:41:35,STK_003,USR_009,USR_006,1398.96,215,Normal
M_000599,2020-01-22T14:54:59,STK_003,USR_006,USR_003,1387.18,2,Normal
M_000600,2020-01-22T14:57:29,STK_003,USR_002,USR_005,1391.75,200,Normal
M_000587,2020-01-22T14:58:12,STK_002,USR_003,USR_009,224.32,137,Normal
M_000609,2020-01-23T09:04:37,STK_005,USR_009,USR_003,3140.48,189,Normal
M_000603,2020-01-23T09:42:33,STK_002,USR_004,USR_007,226.20,275,Normal
M_000602,2020-01-23T09:49:48,STK_001,USR_005,USR_001,3242.08,254,Normal
M_000605,2020-01-23T10:05:51,STK_004,USR_009,USR_003,1169.76,46,Normal
M_000612,2020-01-23T10:07:15,STK_005,USR_006,USR_007,3143.72,8,Normal
M_000608,2020-01-23T10:12:42,STK_002,USR_010,USR_001,230.24,298,Normal
M_000610,2020-01-23T10:56:21,STK_002,USR_009,USR_006,227.46,109,Normal
M_000611,2020-01-23T10:58:38,STK_001,USR_004,USR_002,3251.03,143,Normal
M_000606,2020-01-23T11:05:02,STK_004,USR_003,USR_002,1181.69,7,Normal
M_000607,2020-01-23T11:51:07,STK_003,USR_003,USR_005,1369.32,205,Normal
M_000601,2020-01-23T12:36:27,STK_003,USR_008,USR_004,1371.64,220,Normal
M_000604,2020-01-23T13:03:03,STK_001,USR_007,USR_001,3242.98,428,Normal
M_000618,2020-01-24T09:06:35,STK_003,USR_003,USR_007,1369.34,208,Normal
M_000638,2020-01-24T09:37:38,STK_004,USR_005,USR_006,1208.16,177,Normal
M_000623,2020-01-24T09:43:09,STK_005,USR_003,USR_004,3098.28,256,Normal
M_000649,2020-01-24T09:46:22,STK_005,USR_010,USR_002,3081.90,78,Normal
M_000639,2020-01-24T09:47:10,STK_005,USR_001,USR_008,3080.73,198,Normal
M_000632,2020-01-24T09:56:11,STK_005,USR_005,USR_002,3092.89,389,Normal
M_000617,2020-01-24T10:01:34,STK_002,USR_002,USR_007,239.74,280,Normal
M_000651,2020-01-24T10:11:23,STK_002,USR_006,USR_004,239.12,445,Normal
M_000627,2020-01-24T10:14:56,STK_001,USR_009,USR_004,3282.17,301,Normal
M_000647,2020-01-24T10:17:45,STK_003,USR_001,USR_002,1367.06,481,Normal
M_000634,2020-01-24T10:21:57,STK_002,USR_001,USR_010,240.15,293,Normal
M_000620,2020-01-24T10:34:21,STK_004,USR_002,USR_010,1208.36,18,Normal
M_000640,2020-01-24T10:49:35,STK_003,USR_004,USR_007,1373.86,247,Normal
M_000621,2020-01-24T10:57:49,STK_001,USR_008,USR_001,3247.31,59,Normal
M_000648,2020-01-24T11:06:24,STK_005,USR_006,USR_007,3085.81,244,Normal
M_000628,2020-01-24T12:09:20,STK_005,USR_005,USR_009,3105.39,95,Normal
M_000641,2020-01-24T12:21:07,STK_005,USR_004,USR_008,3081.56,164,Normal
M_000629,2020-01-24T12:23:05,STK_002,USR_005,USR_009,239.89,385,Normal
M_000637,2020-01-24T12:23:36,STK_001,USR_001,USR_009,3273.47,101,Normal
M_000622,2020-01-24T12:39:41,STK_001,USR_009,USR_010,3268.96,105,Normal
M_000643,2020-01-24T12:43:56,STK_001,USR_010,USR_004,3267.95,187,Normal
M_000636,2020-01-24T12:47:19,STK_003,USR_002,USR_006,1377.88,2,Normal
M_000625,2020-01-24T12:57:17,STK_001,USR_001,USR_009,3279.23,168,Normal
M_000624,2020-01-24T12:58:55,STK_002,USR_005,USR_001,237.29,54,Normal
M_000633,2020-01-24T13:37:53,STK_001,USR_002,USR_001,3252.12,135,Normal
M_000615,2020-01-24T13:38:16,STK_002,USR_007,USR_010,238.14,161,Normal
M_000630,2020-01-24T13:38:57,STK_003,USR_009,USR_001,1376.15,283,Normal
M_000646,2020-01-24T13:49:20,STK_002,USR_009,USR_005,240.39,40,Normal
M_000642,2020-01-24T13:58:29,STK_002,USR_001,USR_003,238.37,487,Normal
M_000631,2020-01-24T14:09:35,STK_002,USR_003,USR_004,239.14,12,Normal
M_000619,2020-01-24T14:10:24,STK_004,USR_010,USR_008,1206.32,159,Normal
M_000613,2020-01-24T14:27:41,STK_005,USR_001,USR_005,3088.15,444,Normal
M_000644,2020-01-24T14:47:18,STK_001,USR_001,USR_006,3276.65,341,Normal
M_000650,2020-01-24T14:48:00,STK_004,USR_001,USR_002,1211.21,133,Normal
M_000616,2020-01-24T14:52:53,STK_001,USR_009,USR_005,3302.67,207,Normal
M_000635,2020-01-24T14:58:06,STK_004,USR_007,USR_005,1202.28,137,Normal
M_000645,2020-01-24T14:58:58,STK_004,USR_002,USR_006,1199.64,115,Normal
M_000626,2020-01-24T14:59:23,STK_002,USR_001,USR_002,239.62,280,Normal
M_000614,2020-01-24T14:59:34,STK_003,USR_010,USR_004,1385.36,106,Normal
M_000674,2020-01-25T09:10:39,STK_004,USR_009,USR_006,1228.04,2,Normal
M_000668,2020-01-25T09:16:06,STK_004,USR_003,USR_007,1225.34,133,Normal
M_000680,2020-01-25T09:30:32,STK_002,USR_006,USR_008,234.64,200,Normal
M_000665,2020-01-25T09:35:12,STK_002,USR_003,USR_009,230.63,57,Normal
M_000679,2020-01-25T09:54:41,STK_002,USR_006,USR_005,232.13,283,Normal
M_000655,2020-01-25T10:05:56,STK_005,USR_004,USR_006,3129.34,241,Normal
M_000662,2020-01-25T10:16:20,STK_001,USR_002,USR_001,3335.85,435,Normal
M_000670,2020-01-25T10:21:10,STK_001,USR_006,USR_004,3323.88,233,Normal
M_000657,2020-01-25T10:26:04,STK_003,USR_005,USR_001,1377.46,437,Normal
M_000654,2020-01-25T10:29:46,STK_004,USR_006,USR_010,1232.53,218,Normal
M_000667,2020-01-25T10:31:44,STK_005,USR_008,USR_007,3093.24,264,Normal
M_000681,2020-01-25T10:34:52,STK_002,USR_007,USR_005,231.05,346,Normal
M_000660,2020-01-25T10:34:57,STK_001,USR_009,USR_008,3331.82,96,Normal
M_000653,2020-01-25T10:50:42,STK_002,USR_004,USR_003,231.19,64,Normal
M_000669,2020-01-25T10:57:15,STK_002,USR_005,USR_006,233.59,238,Normal
M_000677,2020-01-25T10:59:36,STK_001,USR_001,USR_005,3343.34,26,Normal
M_000663,2020-01-25T11:01:23,STK_002,USR_008,USR_005,230.23,200,Normal
M_000676,2020-01-25T11:27:41,STK_002,USR_007,USR_001,232.24,315,Normal
M_000672,2020-01-25T11:32:47,STK_004,USR_008,USR_003,1222.60,112,Normal
M_000656,2020-01-25T11:48:22,STK_004,USR_002,USR_006,1221.69,56,Normal
M_000652,2020-01-25T11:53:42,STK_004,USR_004,USR_005,1230.43,48,Normal
M_000658,2020-01-25T11:59:01,STK_002,USR_005,USR_003,233.48,192,Normal
M_000666,2020-01-25T12:01:04,STK_001,USR_009,USR_001,3327.73,3,Normal
M_000659,2020-01-25T12:36:24,STK_005,USR_006,USR_001,3118.21,143,Normal
M_000671,2020-01-25T12:45:00,STK_005,USR_001,USR_008,3109.00,54,Normal
M_000678,2020-01-25T13:17:36,STK_005,USR_004,USR_006,3101.40,91,Normal
M_000675,2020-01-25T13:24:41,STK_003,USR_006,USR_010,1372.79,3,Normal
M_000661,2020-01-25T14:00:26,STK_002,USR_009,USR_003,231.30,6,Normal
M_000664,2020-01-25T14:44:13,STK_001,USR_002,USR_005,3325.21,21,Normal
M_000673,2020-01-25T14:50:58,STK_005,USR_010,USR_004,3093.01,416,Normal
M_000686,2020-01-26T09:00:22,STK_003,USR_004,USR_010,1361.43,422,Normal
M_000688,2020-01-26T09:11:58,STK_002,USR_003,USR_007,229.14,241,Normal
M_000682,2020-01-26T09:15:24,STK_003,USR_003,USR_010,1374.90,100,Normal
M_000709,2020-01-26T09:16:55,STK_004,USR_008,USR_003,1205.35,1,Normal
M_000725,2020-01-26T09:18:57,STK_005,USR_009,USR_010,3173.19,199,Normal
M_000719,2020-01-26T09:24:22,STK_003,USR_009,USR_008,1374.64,144,Normal
M_000710,2020-01-26T09:29:14,STK_001,USR_004,USR_007,3322.33,107,Normal
M_000705,2020-01-26T09:40:15,STK_001,USR_001,USR_006,3304.81,173,Normal
M_000708,2020-01-26T09:50:50,STK_003,USR_008,USR_010,1361.58,172,Normal
M_000721,2020-01-26T09:52:48,STK_001,USR_010,USR_006,3302.32,60,Normal
M_000689,2020-01-26T10:00:34,STK_005,USR_002,USR_006,3143.34,201,Normal
M_000716,2020-01-26T10:03:04,STK_003,USR_009,USR_007,1368.66,260,Normal
M_000687,2020-01-26T10:11:15,STK_003,USR_007,USR_003,1369.52,40,Normal
M_000713,2020-01-26T10:23:52,STK_001,USR_001,USR_007,3299.14,228,Normal
M_000699,2020-01-26T10:31:41,STK_001,USR_009,USR_007,3282.28,15,Normal
M_000683,2020-01-26T10:42:48,STK_004,USR_005,USR_009,1204.86,99,Normal
M_000714,2020-01-26T10:49:02,STK_001,USR_005,USR_001,3323.40,97,Normal
M_000720,2020-01-26T11:03:33,STK_003,USR_001,USR_010,1369.63,87,Normal
M_000724,2020-01-26T11:08:41,STK_004,USR_002,USR_005,1203.37,212,Normal
M_000701,2020-01-26T11:20:10,STK_001,USR_002,USR_001,3304.53,207,Normal
M_000706,2020-01-26T11:22:36,STK_001,USR_007,USR_002,3324.72,97,Normal
M_000717,2020-01-26T11:24:43,STK_001,USR_007,USR_009,3322.71,104,Normal
M_000700,2020-01-26T11:24:50,STK_002,USR_002,USR_005,228.07,189,Normal
M_000712,2020-01-26T11:33:44,STK_003,USR_002,USR_004,1377.81,35,Normal
M_000695,2020-01-26T11:40:50,STK_002,USR_001,USR_004,229.29,495,Normal
M_000691,2020-01-26T11:56:11,STK_002,USR_008,USR_003,230.96,415,Normal
M_000698,2020-01-26T12:00:51,STK_001,USR_007,USR_004,3291.89,173,Normal
M_000718,2020-01-26T12:22:37,STK_004,USR_003,USR_006,1215.37,3,Normal
M_000707,2020-01-26T12:25:03,STK_002,USR_010,USR_002,231.80,189,Normal
M_000703,2020-01-26T12:26:49,STK_003,USR_007,USR_009,1361.67,61,Normal
M_000690,2020-01-26T12:36:02,STK_005,USR_007,USR_002,3191.86,164,Normal
M_000711,2020-01-26T12:43:31,STK_005,USR_005,USR_009,3178.15,348,Normal
M_000702,2020-01-26T12:59:19,STK_004,USR_008,USR_003,1219.15,262,Normal
M_000704,2020-01-26T13:21:51,STK_005,USR_003,USR_004,3170.89,100,Normal
M_000684,2020-01-26T13:27:50,STK_001,USR_001,USR_002,3291.32,129,Normal
M_000723,2020-01-26T13:45:23,STK_004,USR_008,USR_009,1215.60,82,Normal
M_000693,2020-01-26T14:06:54,STK_005,USR_004,USR_006,3161.21,350,Normal
M_000696,2020-01-26T14:12:50,STK_004,USR_001,USR_010,1212.29,103,Normal
M_000694,2020-01-26T14:21:38,STK_002,USR_005,USR_009,229.23,382,Normal
M_000722,2020-01-26T14:22:04,STK_002,USR_008,USR_001,229.07,429,Normal
M_000685,2020-01-26T14:28:35,STK_002,USR_010,USR_001,229.44,254,Normal
M_000697,2020-01-26T14:28:59,STK_003,USR_004,USR_010,1378.92,337,Normal
M_000715,2020-01-26T14:48:32,STK_003,USR_009,USR_002,1370.80,442,Normal
M_000692,2020-01-26T14:49:07,STK_004,USR_003,USR_006,1204.61,79,Normal
M_000727,2020-01-27T09:42:47,STK_004,USR_003,USR_005,1216.84,94,Normal
M_000739,2020-01-27T09:53:38,STK_002,USR_006,USR_003,229.19,390,Normal
M_000733,2020-01-27T09:57:41,STK_005,USR_006,USR_002,3168.78,454,Normal
M_000726,2020-01-27T10:05:41,STK_004,USR_004,USR_003,1204.68,95,Normal
M_000738,2020-01-27T11:26:40,STK_003,USR_007,USR_001,1407.62,364,Normal
M_000730,2020-01-27T11:30:50,STK_005,USR_001,USR_008,3173.76,210,Normal
M_000737,2020-01-27T12:01:02,STK_002,USR_009,USR_001,229.26,6,Normal
M_000729,2020-01-27T12:31:57,STK_005,USR_010,USR_007,3165.41,176,Normal
M_000732,2020-01-27T12:46:20,STK_002,USR_002,USR_004,230.84,195,Normal
M_000740,2020-01-27T13:01:59,STK_003,USR_008,USR_007,1395.21,319,Normal
M_000734,2020-01-27T13:52:31,STK_003,USR_005,USR_008,1402.06,206,Normal
M_000728,2020-01-27T14:24:58,STK_003,USR_002,USR_006,1415.25,3,Normal
M_000736,2020-01-27T14:37:38,STK_005,USR_001,USR_007,3163.21,202,Normal
M_000731,2020-01-27T14:40:16,STK_005,USR_007,USR_010,3174.24,67,Normal
M_000735,2020-01-27T14:57:36,STK_004,USR_008,USR_010,1216.61,3,Normal
M_000754,2020-01-28T09:04:37,STK_002,USR_005,USR_006,226.36,374,Normal
M_000753,2020-01-28T09:04:51,STK_004,USR_004,USR_003,1254.97,94,Normal
M_000750,2020-01-28T09:14:59,STK_004,USR_004,USR_001,1247.38,447,Normal
M_000747,2020-01-28T09:16:41,STK_002,USR_009,USR_007,225.32,314,Normal
M_000745,2020-01-28T09:27:36,STK_003,USR_006,USR_005,1413.77,198,Normal
M_000759,2020-01-28T09:59:02,STK_004,USR_007,USR_002,1250.62,151,Normal
M_000772,2020-01-28T10:04:19,STK_004,USR_003,USR_001,1259.22,251,Normal
M_000743,2020-01-28T10:14:04,STK_005,USR_004,USR_001,3143.20,108,Normal
M_000763,2020-01-28T10:16:25,STK_001,USR_005,USR_009,3159.29,142,Normal
M_000779,2020-01-28T10:26:31,STK_004,USR_004,USR_002,1250.65,117,Normal
M_000742,2020-01-28T10:26:49,STK_001,USR_010,USR_005,3209.09,97,Normal
M_000767,2020-01-28T10:32:50,STK_005,USR_006,USR_003,3171.55,59,Normal
M_000769,2020-01-28T10:39:58,STK_003,USR_005,USR_003,1414.69,191,Normal
M_000773,2020-01-28T10:46:14,STK_005,USR_008,USR_002,3169.23,281,Normal
M_000775,2020-01-28T10:49:23,STK_003,USR_009,USR_008,1410.04,83,Normal
M_000744,2020-01-28T10:49:37,STK_001,USR_001,USR_004,3144.23,243,Normal
M_000752,2020-01-28T10:52:54,STK_003,USR_010,USR_008,1416.82,20,Normal
M_000770,2020-01-28T11:01:58,STK_003,USR_006,USR_009,1413.83,200,Normal
M_000762,2020-01-28T11:11:14,STK_001,USR_006,USR_009,3184.78,358,Normal
M_000771,2020-01-28T11:22:18,STK_005,USR_009,USR_005,3176.30,445,Normal
M_000774,2020-01-28T11:42:56,STK_004,USR_004,USR_001,1255.34,80,Normal
M_000757,2020-01-28T11:45:00,STK_005,USR_002,USR_009,3141.97,13,Normal
M_000776,2020-01-28T11:52:47,STK_002,USR_009,USR_002,228.11,180,Normal
M_000749,2020-01-28T12:08:00,STK_002,USR_002,USR_006,226.75,155,Normal
M_000756,2020-01-28T12:10:26,STK_004,USR_004,USR_006,1244.21,248,Normal
M_000781,2020-01-28T12:29:20,STK_001,USR_010,USR_001,3181.22,112,Normal
M_000764,2020-01-28T12:48:35,STK_004,USR_001,USR_008,1259.93,308,Normal
M_000780,2020-01-28T12:56:51,STK_004,USR_007,USR_008,1241.95,152,Normal
M_000748,2020-01-28T13:03:37,STK_002,USR_010,USR_009,227.28,189,Normal
M_000778,2020-01-28T13:06:52,STK_003,USR_003,USR_005,1423.37,99,Normal
M_000746,2020-01-28T13:13:31,STK_005,USR_002,USR_009,3158.17,358,Normal
M_000768,2020-01-28T13:17:06,STK_002,USR_010,USR_005,226.99,374,Normal
M_000758,2020-01-28T13:39:21,STK_003,USR_005,USR_010,1405.79,162,Normal
M_000741,2020-01-28T13:42:04,STK_003,USR_010,USR_002,1406.75,415,Normal
M_000766,2020-01-28T13:51:58,STK_004,USR_010,USR_007,1257.89,163,Normal
M_000765,2020-01-28T14:12:24,STK_002,USR_004,USR_006,226.38,361,Normal
M_000751,2020-01-28T14:12:31,STK_002,USR_004,USR_005,225.02,193,Normal
M_000777,2020-01-28T14:44:37,STK_002,USR_001,USR_007,225.71,12,Normal
M_000760,2020-01-28T14:49:51,STK_003,USR_005,USR_006,1412.39,198,Normal
M_000755,2020-01-28T14:51:01,STK_003,USR_007,USR_008,1423.70,446,Normal
M_000761,2020-01-28T14:55:47,STK_003,USR_003,USR_005,1408.97,147,Normal
M_000804,2020-01-29T09:21:32,STK_003,USR_007,USR_006,1392.67,1,Normal
M_000785,2020-01-29T09:24:58,STK_003,USR_009,USR_006,1397.55,200,Normal
M_000796,2020-01-29T09:55:08,STK_005,USR_003,USR_005,3015.37,103,Normal
M_000784,2020-01-29T09:56:05,STK_004,USR_003,USR_006,1229.92,1,Normal
M_000797,2020-01-29T10:02:15,STK_001,USR_004,USR_008,3125.19,321,Normal
M_000805,2020-01-29T10:03:17,STK_001,USR_002,USR_001,3125.74,446,Normal
M_000787,2020-01-29T10:13:04,STK_003,USR_006,USR_010,1395.22,1,Normal
M_000806,2020-01-29T10:15:34,STK_002,USR_007,USR_006,231.09,193,Normal
M_000788,2020-01-29T10:42:54,STK_002,USR_001,USR_007,229.17,126,Normal
M_000798,2020-01-29T10:49:05,STK_003,USR_004,USR_010,1385.29,193,Normal
M_000789,2020-01-29T11:02:30,STK_002,USR_001,USR_004,230.23,311,Normal
M_000783,2020-01-29T11:15:53,STK_002,USR_005,USR_007,227.49,76,Normal
M_000794,2020-01-29T11:18:01,STK_004,USR_005,USR_003,1239.91,252,Normal
M_000799,2020-01-29T12:43:46,STK_003,USR_001,USR_004,1390.30,290,Normal
M_000793,2020-01-29T12:47:36,STK_004,USR_002,USR_009,1238.37,285,Normal
M_000807,2020-01-29T12:59:03,STK_005,USR_002,USR_005,3052.46,200,Normal
M_000803,2020-01-29T13:13:33,STK_001,USR_004,USR_002,3150.38,181,Normal
M_000800,2020-01-29T13:31:04,STK_002,USR_006,USR_008,232.35,3,Normal
M_000790,2020-01-29T13:35:35,STK_002,USR_007,USR_002,230.28,374,Normal
M_000786,2020-01-29T13:44:08,STK_005,USR_006,USR_010,3058.44,141,Normal
M_000782,2020-01-29T13:50:00,STK_002,USR_002,USR_001,229.76,330,Normal
M_000792,2020-01-29T13:52:02,STK_005,USR_002,USR_001,3069.37,348,Normal
M_000801,2020-01-29T14:13:33,STK_004,USR_003,USR_002,1236.20,1,Normal
M_000795,2020-01-29T14:44:14,STK_001,USR_008,USR_005,3139.15,310,Normal
M_000802,2020-01-29T14:51:53,STK_002,USR_005,USR_008,231.89,145,Normal
M_000791,2020-01-29T14:55:16,STK_001,USR_005,USR_007,3117.72,404,Normal
M_000825,2020-01-30T09:19:34,STK_005,USR_001,USR_010,3110.75,432,Normal
M_000813,2020-01-30T09:25:06,STK_001,USR_007,USR_005,3184.30,16,Normal
M_000810,2020-01-30T09:32:01,STK_002,USR_008,USR_002,232.40,126,Normal
M_000826,2020-01-30T09:49:38,STK_005,USR_010,USR_005,3122.72,297,Normal
M_000818,2020-01-30T10:25:42,STK_005,USR_009,USR_008,3126.36,368,Normal
M_000819,2020-01-30T10:30:19,STK_001,USR_006,USR_008,3226.22,15,Normal
M_000827,2020-01-30T10:52:58,STK_004,USR_006,USR_007,1216.24,12,Normal
M_000816,2020-01-30T11:15:45,STK_004,USR_008,USR_006,1229.68,2,Normal
M_000820,2020-01-30T12:00:42,STK_003,USR_010,USR_001,1433.76,124,Normal
M_000833,2020-01-30T12:04:33,STK_001,USR_001,USR_007,3218.90,413,Normal
M_000829,2020-01-30T12:06:25,STK_003,USR_010,USR_005,1432.67,277,Normal
M_000830,2020-01-30T12:24:11,STK_001,USR_004,USR_001,3172.46,251,Normal
M_000832,2020-01-30T12:34:34,STK_002,USR_004,USR_010,234.43,3,Normal
M_000808,2020-01-30T12:38:35,STK_004,USR_008,USR_005,1227.68,363,Normal
M_000836,2020-01-30T12:56:22,STK_005,USR_010,USR_009,3124.04,409,Normal
M_000828,2020-01-30T13:07:08,STK_001,USR_005,USR_002,3184.31,11,Normal
M_000822,2020-01-30T13:10:43,STK_004,USR_002,USR_008,1226.70,448,Normal
M_000809,2020-01-30T13:21:11,STK_004,USR_002,USR_003,1239.20,1,Normal
M_000812,2020-01-30T13:23:49,STK_004,USR_008,USR_002,1222.48,235,Normal
M_000823,2020-01-30T13:32:13,STK_004,USR_002,USR_006,1227.21,12,Normal
M_000835,2020-01-30T13:32:25,STK_001,USR_001,USR_010,3191.41,293,Normal
M_000815,2020-01-30T13:45:41,STK_005,USR_008,USR_002,3133.37,87,Normal
M_000814,2020-01-30T13:46:37,STK_005,USR_007,USR_004,3121.73,275,Normal
M_000821,2020-01-30T14:00:38,STK_004,USR_004,USR_007,1229.15,50,Normal
M_000817,2020-01-30T14:04:55,STK_005,USR_002,USR_001,3117.77,339,Normal
M_000811,2020-01-30T14:22:37,STK_004,USR_003,USR_010,1237.12,1,Normal
M_000831,2020-01-30T14:33:36,STK_002,USR_002,USR_005,233.47,221,Normal
M_000834,2020-01-30T14:45:50,STK_005,USR_009,USR_002,3119.57,117,Normal
M_000824,2020-01-30T14:56:49,STK_001,USR_008,USR_002,3201.82,221,Normal
M_000868,2020-01-31T09:03:13,STK_005,USR_001,USR_002,3088.83,368,Normal
M_000864,2020-01-31T09:12:58,STK_004,USR_001,USR_006,1260.09,12,Normal
M_000858,2020-01-31T09:21:46,STK_003,USR_002,USR_009,1466.26,207,Normal
M_000842,2020-01-31T09:33:52,STK_003,USR_010,USR_004,1450.73,26,Normal
M_000869,2020-01-31T09:39:38,STK_003,USR_002,USR_010,1448.84,158,Normal
M_000865,2020-01-31T09:40:00,STK_001,USR_006,USR_003,3245.44,4,Normal
M_000862,2020-01-31T09:52:24,STK_002,USR_003,USR_001,225.56,2,Normal
M_000839,2020-01-31T10:12:27,STK_002,USR_002,USR_008,227.18,399,Normal
M_000851,2020-01-31T10:27:53,STK_005,USR_001,USR_005,3067.81,179,Normal
M_000844,2020-01-31T11:02:30,STK_005,USR_004,USR_007,3070.33,12,Normal
M_000857,2020-01-31T11:11:15,STK_005,USR_004,USR_010,3119.68,164,Normal
M_000847,2020-01-31T11:17:15,STK_002,USR_004,USR_010,225.33,4,Normal
M_000859,2020-01-31T11:20:07,STK_005,USR_001,USR_005,3094.26,476,Normal
M_000845,2020-01-31T11:37:05,STK_001,USR_007,USR_008,3212.74,223,Normal
M_000861,2020-01-31T11:41:53,STK_002,USR_010,USR_008,226.12,52,Normal
M_000846,2020-01-31T11:50:45,STK_005,USR_002,USR_001,3105.54,390,Normal
M_000867,2020-01-31T11:52:47,STK_001,USR_002,USR_007,3232.37,238,Normal
M_000837,2020-01-31T11:55:46,STK_005,USR_008,USR_007,3093.73,275,Normal
M_000854,2020-01-31T12:10:49,STK_002,USR_007,USR_004,225.46,179,Normal
M_000840,2020-01-31T12:12:22,STK_005,USR_007,USR_009,3096.01,355,Normal
M_000843,2020-01-31T12:15:53,STK_004,USR_010,USR_002,1258.04,452,Normal
M_000855,2020-01-31T12:17:02,STK_003,USR_010,USR_004,1460.91,253,Normal
M_000866,2020-01-31T12:42:37,STK_004,USR_007,USR_010,1264.94,231,Normal
M_000838,2020-01-31T12:45:24,STK_005,USR_005,USR_010,3079.12,441,Normal
M_000853,2020-01-31T12:47:09,STK_005,USR_007,USR_009,3100.75,57,Normal
M_000849,2020-01-31T13:05:06,STK_002,USR_004,USR_002,225.80,98,Normal
M_000852,2020-01-31T13:14:40,STK_002,USR_004,USR_001,226.98,485,Normal
M_000850,2020-01-31T13:40:37,STK_001,USR_001,USR_007,3241.38,223,Normal
M_000860,2020-01-31T13:42:16,STK_003,USR_008,USR_010,1471.00,32,Normal
M_000841,2020-01-31T13:51:34,STK_003,USR_001,USR_008,1460.75,189,Normal
M_000856,2020-01-31T14:06:33,STK_001,USR_007,USR_002,3228.47,238,Normal
M_000863,2020-01-31T14:43:47,STK_002,USR_002,USR_009,225.63,115,Normal
M_000848,2020-01-31T14:46:07,STK_003,USR_005,USR_004,1466.00,160,Normal
M_000882,2020-02-01T09:02:38,STK_003,USR_005,USR_004,1386.31,317,Normal
M_000873,2020-02-01T09:06:05,STK_005,USR_003,USR_009,3062.78,4,Normal
M_000870,2020-02-01T09:16:49,STK_004,USR_010,USR_003,1320.24,1,Normal
M_000887,2020-02-01T09:20:01,STK_005,USR_010,USR_005,3078.01,467,Normal
M_000874,2020-02-01T09:22:48,STK_001,USR_010,USR_008,3245.92,202,Normal
M_000894,2020-02-01T09:34:19,STK_003,USR_004,USR_008,1386.89,31,Normal
M_000878,2020-02-01T09:36:47,STK_003,USR_005,USR_002,1379.73,381,Normal
M_000875,2020-02-01T09:46:29,STK_003,USR_007,USR_004,1391.88,118,Normal
M_000877,2020-02-01T10:02:35,STK_002,USR_010,USR_001,231.37,246,Normal
M_000883,2020-02-01T10:13:20,STK_003,USR_008,USR_010,1383.09,238,Normal
M_000871,2020-02-01T10:14:28,STK_004,USR_009,USR_010,1306.14,161,Normal
M_000892,2020-02-01T10:26:57,STK_002,USR_009,USR_003,230.08,206,Normal
M_000895,2020-02-01T10:52:55,STK_005,USR_008,USR_006,3060.10,250,Normal
M_000884,2020-02-01T12:15:55,STK_003,USR_009,USR_010,1370.81,65,Normal
M_000893,2020-02-01T12:15:57,STK_001,USR_009,USR_004,3271.77,128,Normal
M_000890,2020-02-01T12:18:43,STK_005,USR_005,USR_001,3103.84,444,Normal
M_000876,2020-02-01T12:45:21,STK_005,USR_004,USR_003,3076.06,53,Normal
M_000880,2020-02-01T13:06:06,STK_003,USR_003,USR_005,1380.08,119,Normal
M_000896,2020-02-01T13:08:17,STK_001,USR_007,USR_001,3265.81,62,Normal
M_000889,2020-02-01T13:13:47,STK_005,USR_002,USR_009,3085.50,213,Normal
M_000886,2020-02-01T13:36:59,STK_001,USR_004,USR_007,3243.80,258,Normal
M_000888,2020-02-01T13:54:44,STK_004,USR_007,USR_004,1315.12,210,Normal
M_000881,2020-02-01T14:09:34,STK_003,USR_008,USR_007,1385.93,96,Normal
M_000891,2020-02-01T14:35:20,STK_002,USR_003,USR_010,230.89,4,Normal
M_000879,2020-02-01T14:38:20,STK_001,USR_007,USR_004,3255.14,258,Normal
M_000885,2020-02-01T14:42:13,STK_001,USR_001,USR_002,3261.01,444,Normal
M_000872,2020-02-01T14:46:16,STK_002,USR_006,USR_007,231.07,10,Normal
M_000918,2020-02-02T10:04:10,STK_001,USR_003,USR_009,3311.05,250,Normal
M_000916,2020-02-02T10:21:40,STK_005,USR_004,USR_002,3124.39,97,Normal
M_000913,2020-02-02T10:31:35,STK_003,USR_002,USR_009,1406.78,127,Normal
M_000902,2020-02-02T10:42:04,STK_002,USR_002,USR_004,226.53,348,Normal
M_000915,2020-02-02T10:50:30,STK_005,USR_007,USR_009,3102.51,433,Normal
M_000911,2020-02-02T10:59:48,STK_004,USR_003,USR_010,1292.66,416,Normal
M_000921,2020-02-02T11:05:19,STK_004,USR_007,USR_010,1313.99,17,Normal
M_000903,2020-02-02T11:05:47,STK_004,USR_002,USR_005,1304.84,69,Normal
M_000899,2020-02-02T11:17:23,STK_004,USR_010,USR_002,1301.85,210,Normal
M_000908,2020-02-02T11:21:02,STK_002,USR_007,USR_008,231.57,316,Normal
M_000897,2020-02-02T11:23:48,STK_005,USR_003,USR_009,3084.06,15,Normal
M_000900,2020-02-02T12:12:43,STK_003,USR_008,USR_009,1406.42,464,Normal
M_000914,2020-02-02T12:26:33,STK_004,USR_002,USR_003,1298.25,18,Normal
M_000905,2020-02-02T12:44:24,STK_001,USR_001,USR_004,3328.85,75,Normal
M_000920,2020-02-02T12:49:44,STK_003,USR_010,USR_001,1422.67,229,Normal
M_000901,2020-02-02T13:00:14,STK_002,USR_002,USR_006,228.02,10,Normal
M_000910,2020-02-02T13:05:19,STK_005,USR_009,USR_008,3081.72,97,Normal
M_000904,2020-02-02T13:21:29,STK_004,USR_004,USR_002,1300.36,69,Normal
M_000907,2020-02-02T13:39:58,STK_001,USR_001,USR_003,3290.38,95,Normal
M_000909,2020-02-02T14:07:48,STK_001,USR_002,USR_005,3317.95,120,Normal
M_000906,2020-02-02T14:13:12,STK_005,USR_004,USR_003,3102.32,332,Normal
M_000912,2020-02-02T14:18:12,STK_002,USR_010,USR_008,231.62,55,Normal
M_000919,2020-02-02T14:29:34,STK_005,USR_008,USR_001,3095.91,207,Normal
M_000917,2020-02-02T14:35:44,STK_005,USR_010,USR_001,3108.10,267,Normal
M_000898,2020-02-02T14:56:59,STK_004,USR_002,USR_008,1309.12,152,Normal
M_000945,2020-02-03T09:02:32,STK_003,USR_008,USR_004,1415.14,32,Normal
M_000936,2020-02-03T09:05:50,STK_002,USR_005,USR_010,229.45,109,Normal
M_000937,2020-02-03T09:18:21,STK_005,USR_010,USR_009,3077.88,367,Normal
M_000951,2020-02-03T09:36:53,STK_004,USR_004,USR_009,1284.65,161,Normal
M_000942,2020-02-03T09:49:14,STK_005,USR_010,USR_005,3071.28,246,Normal
M_000922,2020-02-03T09:53:21,STK_004,USR_006,USR_002,1278.37,18,Normal
M_000946,2020-02-03T09:58:08,STK_005,USR_010,USR_002,3058.63,160,Normal
M_000960,2020-02-03T09:58:15,STK_001,USR_009,USR_002,3325.45,323,Normal
M_000928,2020-02-03T10:15:24,STK_001,USR_009,USR_004,3329.44,410,Normal
M_000929,2020-02-03T10:28:21,STK_001,USR_010,USR_004,3304.23,215,Normal
M_000957,2020-02-03T10:43:51,STK_004,USR_005,USR_003,1283.90,386,Normal
M_000941,2020-02-03T10:49:23,STK_005,USR_003,USR_001,3062.82,480,Normal
M_000956,2020-02-03T10:59:21,STK_005,USR_003,USR_006,3073.69,133,Normal
M_000933,2020-02-03T11:01:06,STK_003,USR_001,USR_002,1417.11,364,Normal
M_000952,2020-02-03T11:05:34,STK_003,USR_006,USR_007,1421.18,274,Normal
M_000938,2020-02-03T11:06:31,STK_005,USR_001,USR_003,3072.84,194,Normal
M_000923,2020-02-03T11:06:58,STK_001,USR_010,USR_005,3318.68,111,Normal
M_000939,2020-02-03T11:10:39,STK_001,USR_002,USR_003,3342.96,151,Normal
M_000958,2020-02-03T11:12:11,STK_003,USR_004,USR_006,1430.02,113,Normal
M_000959,2020-02-03T11:16:22,STK_005,USR_003,USR_007,3051.18,162,Normal
M_000927,2020-02-03T11:18:35,STK_003,USR_008,USR_007,1413.26,1,Normal
M_000924,2020-02-03T11:20:47,STK_002,USR_002,USR_001,228.34,126,Normal
M_000954,2020-02-03T11:36:53,STK_001,USR_006,USR_009,3341.02,48,Normal
M_000961,2020-02-03T11:41:21.261000,STK_005,USR_001,USR_006,3071.35,3016,Wash_Trade
M_000962,2020-02-03T11:41:21.655000,STK_005,USR_006,USR_001,3070.68,3372,Wash_Trade
M_000963,2020-02-03T11:41:21.895000,STK_005,USR_001,USR_006,3068.84,3010,Wash_Trade
M_000964,2020-02-03T11:41:22.088000,STK_005,USR_006,USR_001,3069.01,3010,Wash_Trade
M_000965,2020-02-03T11:41:22.449000,STK_005,USR_001,USR_006,3069.54,2147,Wash_Trade
M_000966,2020-02-03T11:41:22.752000,STK_005,USR_006,USR_001,3068.95,1909,Wash_Trade
M_000967,2020-02-03T11:41:23.236000,STK_005,USR_001,USR_006,3072.36,3362,Wash_Trade
M_000968,2020-02-03T11:41:23.401000,STK_005,USR_006,USR_001,3076.19,1221,Wash_Trade
M_000969,2020-02-03T11:41:23.770000,STK_005,USR_001,USR_006,3067.69,1326,Wash_Trade
M_000930,2020-02-03T12:04:49,STK_005,USR_001,USR_010,3071.02,92,Normal
M_000947,2020-02-03T12:05:40,STK_001,USR_010,USR_006,3309.30,377,Normal
M_000934,2020-02-03T12:29:53,STK_004,USR_010,USR_007,1279.01,156,Normal
M_000931,2020-02-03T12:32:30,STK_001,USR_004,USR_002,3298.16,251,Normal
M_000940,2020-02-03T12:38:08,STK_003,USR_007,USR_009,1415.74,310,Normal
M_000953,2020-02-03T13:52:32,STK_001,USR_005,USR_009,3315.41,137,Normal
M_000955,2020-02-03T14:02:51,STK_002,USR_006,USR_007,228.70,191,Normal
M_000949,2020-02-03T14:07:33,STK_004,USR_004,USR_010,1300.56,156,Normal
M_000948,2020-02-03T14:13:58,STK_003,USR_008,USR_009,1404.93,44,Normal
M_000943,2020-02-03T14:18:21,STK_003,USR_005,USR_008,1418.69,125,Normal
M_000950,2020-02-03T14:20:29,STK_001,USR_002,USR_004,3308.81,142,Normal
M_000935,2020-02-03T14:26:17,STK_001,USR_009,USR_003,3327.62,234,Normal
M_000932,2020-02-03T14:27:48,STK_004,USR_003,USR_001,1285.41,1,Normal
M_000944,2020-02-03T14:31:09,STK_002,USR_008,USR_007,229.53,304,Normal
M_000926,2020-02-03T14:34:10,STK_003,USR_004,USR_008,1407.85,1,Normal
M_000925,2020-02-03T14:55:50,STK_005,USR_006,USR_005,3083.50,241,Normal
M_000981,2020-02-04T09:05:19,STK_002,USR_008,USR_009,228.18,78,Normal
M_001011,2020-02-04T09:05:45,STK_001,USR_007,USR_004,3235.70,152,Normal
M_000970,2020-02-04T09:17:47,STK_005,USR_007,USR_008,3196.62,450,Normal
M_001000,2020-02-04T09:29:23,STK_001,USR_007,USR_010,3227.55,278,Normal
M_000991,2020-02-04T09:42:49,STK_004,USR_005,USR_007,1271.22,247,Normal
M_001001,2020-02-04T09:45:27,STK_001,USR_003,USR_006,3214.75,53,Normal
M_000979,2020-02-04T09:54:32,STK_003,USR_010,USR_005,1478.74,231,Normal
M_000999,2020-02-04T09:56:15,STK_001,USR_009,USR_001,3206.52,290,Normal
M_000994,2020-02-04T10:28:28,STK_003,USR_007,USR_005,1492.00,172,Normal
M_000985,2020-02-04T10:29:12,STK_001,USR_006,USR_002,3242.80,253,Normal
M_000971,2020-02-04T10:35:27,STK_004,USR_010,USR_001,1265.05,245,Normal
M_000978,2020-02-04T10:38:14,STK_005,USR_005,USR_003,3159.74,426,Normal
M_000997,2020-02-04T10:40:25,STK_001,USR_005,USR_002,3214.48,88,Normal
M_000998,2020-02-04T11:17:25,STK_001,USR_004,USR_003,3232.08,213,Normal
M_000974,2020-02-04T11:21:49,STK_002,USR_004,USR_007,228.63,147,Normal
M_001003,2020-02-04T11:35:11,STK_004,USR_003,USR_008,1276.40,13,Normal
M_000972,2020-02-04T11:52:23,STK_001,USR_005,USR_001,3238.53,204,Normal
M_000990,2020-02-04T11:57:32,STK_005,USR_009,USR_008,3196.54,81,Normal
M_001005,2020-02-04T12:14:52,STK_003,USR_008,USR_010,1492.38,455,Normal
M_000987,2020-02-04T12:17:08,STK_003,USR_006,USR_007,1490.63,20,Normal
M_001010,2020-02-04T12:19:45,STK_004,USR_003,USR_004,1283.27,165,Normal
M_000977,2020-02-04T12:23:19,STK_003,USR_005,USR_008,1480.30,240,Normal
M_000980,2020-02-04T12:28:00,STK_002,USR_003,USR_005,229.10,109,Normal
M_000988,2020-02-04T12:44:52,STK_001,USR_004,USR_007,3249.17,143,Normal
M_000996,2020-02-04T13:02:58,STK_003,USR_007,USR_010,1491.86,95,Normal
M_001012,2020-02-04T13:16:14,STK_005,USR_009,USR_001,3173.07,494,Normal
M_000975,2020-02-04T13:17:25,STK_005,USR_006,USR_008,3166.80,104,Normal
M_001013,2020-02-04T13:20:32,STK_003,USR_008,USR_001,1485.55,418,Normal
M_000983,2020-02-04T13:25:45,STK_003,USR_010,USR_006,1476.27,161,Normal
M_000976,2020-02-04T13:32:23,STK_004,USR_008,USR_003,1264.87,13,Normal
M_001004,2020-02-04T13:47:40,STK_002,USR_001,USR_002,230.31,349,Normal
M_001007,2020-02-04T13:54:31,STK_002,USR_007,USR_009,228.70,278,Normal
M_001009,2020-02-04T13:54:43,STK_002,USR_009,USR_002,229.23,167,Normal
M_001006,2020-02-04T13:55:13,STK_003,USR_003,USR_010,1479.72,495,Normal
M_000984,2020-02-04T14:10:06,STK_001,USR_002,USR_005,3234.69,341,Normal
M_000989,2020-02-04T14:14:30,STK_005,USR_006,USR_003,3150.85,191,Normal
M_000973,2020-02-04T14:17:18,STK_001,USR_006,USR_007,3255.64,62,Normal
M_000986,2020-02-04T14:43:59,STK_001,USR_007,USR_004,3197.15,143,Normal
M_000982,2020-02-04T14:44:25,STK_005,USR_006,USR_009,3173.73,399,Normal
M_000993,2020-02-04T14:44:45,STK_005,USR_002,USR_007,3169.14,50,Normal
M_000992,2020-02-04T14:44:59,STK_002,USR_007,USR_004,228.26,225,Normal
M_001008,2020-02-04T14:49:24,STK_005,USR_007,USR_005,3189.26,256,Normal
M_000995,2020-02-04T14:56:37,STK_003,USR_008,USR_006,1488.41,20,Normal
M_001002,2020-02-04T14:57:37,STK_004,USR_004,USR_005,1263.90,136,Normal
M_001022,2020-02-05T09:10:35,STK_002,USR_010,USR_001,229.32,21,Normal
M_001020,2020-02-05T10:14:36,STK_003,USR_009,USR_003,1527.73,326,Normal
M_001023,2020-02-05T10:41:32,STK_001,USR_005,USR_006,3239.30,74,Normal
M_001017,2020-02-05T11:23:37,STK_001,USR_004,USR_009,3220.11,274,Normal
M_001019,2020-02-05T11:26:48,STK_004,USR_002,USR_003,1295.35,103,Normal
M_001021,2020-02-05T13:07:16,STK_003,USR_004,USR_010,1508.87,29,Normal
M_001014,2020-02-05T13:59:23,STK_003,USR_008,USR_005,1498.88,461,Normal
M_001015,2020-02-05T14:06:08,STK_004,USR_004,USR_005,1280.96,93,Normal
M_001018,2020-02-05T14:34:53,STK_003,USR_010,USR_007,1492.68,424,Normal
M_001016,2020-02-05T14:52:47,STK_004,USR_007,USR_010,1296.12,1,Normal
M_001030,2020-02-06T09:18:18,STK_002,USR_002,USR_009,232.55,276,Normal
M_001024,2020-02-06T09:49:15,STK_002,USR_009,USR_001,231.79,121,Normal
M_001033,2020-02-06T10:06:42,STK_003,USR_005,USR_010,1499.97,111,Normal
M_001044,2020-02-06T10:13:34,STK_003,USR_009,USR_001,1504.13,72,Normal
M_001027,2020-02-06T10:19:47,STK_001,USR_008,USR_005,3219.36,46,Normal
M_001041,2020-02-06T10:24:03,STK_005,USR_004,USR_002,3130.70,134,Normal
M_001039,2020-02-06T10:26:07,STK_004,USR_007,USR_001,1292.83,84,Normal
M_001043,2020-02-06T10:45:23,STK_001,USR_006,USR_007,3232.48,340,Normal
M_001031,2020-02-06T10:53:50,STK_004,USR_005,USR_007,1306.80,176,Normal
M_001042,2020-02-06T11:07:04,STK_003,USR_009,USR_008,1498.76,385,Normal
M_001037,2020-02-06T11:12:45,STK_001,USR_009,USR_001,3231.73,362,Normal
M_001029,2020-02-06T11:16:34,STK_004,USR_003,USR_001,1293.91,403,Normal
M_001036,2020-02-06T11:30:47,STK_005,USR_008,USR_002,3149.03,62,Normal
M_001032,2020-02-06T11:56:26,STK_002,USR_010,USR_001,233.12,207,Normal
M_001025,2020-02-06T12:06:43,STK_004,USR_009,USR_005,1306.19,200,Normal
M_001034,2020-02-06T12:16:50,STK_001,USR_002,USR_004,3244.78,130,Normal
M_001045,2020-02-06T12:58:56,STK_005,USR_010,USR_005,3139.16,170,Normal
M_001026,2020-02-06T13:13:14,STK_001,USR_002,USR_007,3228.74,430,Normal
M_001046,2020-02-06T13:27:39,STK_002,USR_010,USR_004,233.13,188,Normal
M_001028,2020-02-06T13:56:39,STK_004,USR_005,USR_003,1303.23,75,Normal
M_001038,2020-02-06T14:25:36,STK_002,USR_002,USR_008,231.04,137,Normal
M_001040,2020-02-06T14:41:24,STK_001,USR_007,USR_001,3226.63,340,Normal
M_001035,2020-02-06T14:45:39,STK_004,USR_001,USR_006,1308.78,18,Normal
M_001074,2020-02-07T09:08:54,STK_005,USR_006,USR_003,3070.30,13,Normal
M_001087,2020-02-07T09:22:29,STK_003,USR_003,USR_010,1470.70,177,Normal
M_001092,2020-02-07T09:26:55,STK_005,USR_005,USR_008,3061.09,53,Normal
M_001081,2020-02-07T09:42:09,STK_003,USR_003,USR_009,1480.78,259,Normal
M_001053,2020-02-07T09:52:34,STK_005,USR_001,USR_002,3054.90,437,Normal
M_001063,2020-02-07T09:55:16,STK_002,USR_007,USR_010,220.52,107,Normal
M_001085,2020-02-07T10:05:49,STK_002,USR_001,USR_009,222.88,58,Normal
M_001054,2020-02-07T10:10:52,STK_002,USR_005,USR_002,223.04,64,Normal
M_001091,2020-02-07T10:12:11,STK_003,USR_009,USR_003,1482.80,302,Normal
M_001067,2020-02-07T10:38:31,STK_005,USR_010,USR_008,3046.37,62,Normal
M_001050,2020-02-07T10:41:19,STK_001,USR_004,USR_006,3232.28,14,Normal
M_001064,2020-02-07T10:45:28,STK_005,USR_003,USR_004,3078.61,295,Normal
M_001090,2020-02-07T11:01:17,STK_004,USR_008,USR_006,1285.55,85,Normal
M_001071,2020-02-07T11:11:27,STK_005,USR_008,USR_004,3055.46,226,Normal
M_001076,2020-02-07T11:30:42,STK_005,USR_009,USR_010,3067.10,302,Normal
M_001052,2020-02-07T11:34:37,STK_003,USR_006,USR_007,1469.49,66,Normal
M_001080,2020-02-07T11:44:00,STK_001,USR_004,USR_009,3219.99,385,Normal
M_001075,2020-02-07T11:44:01,STK_002,USR_007,USR_005,221.72,21,Normal
M_001062,2020-02-07T11:45:58,STK_001,USR_010,USR_004,3211.71,59,Normal
M_001084,2020-02-07T12:02:37,STK_003,USR_007,USR_008,1465.11,486,Normal
M_001069,2020-02-07T12:12:24,STK_003,USR_006,USR_010,1475.96,442,Normal
M_001078,2020-02-07T12:14:14,STK_002,USR_006,USR_004,224.02,40,Normal
M_001049,2020-02-07T12:20:29,STK_004,USR_010,USR_002,1303.90,103,Normal
M_001070,2020-02-07T12:23:00,STK_004,USR_006,USR_007,1300.92,321,Normal
M_001089,2020-02-07T12:34:33,STK_004,USR_009,USR_010,1287.11,56,Normal
M_001073,2020-02-07T12:36:51,STK_001,USR_006,USR_001,3226.90,309,Normal
M_001093,2020-02-07T12:37:38,STK_005,USR_003,USR_007,3054.04,400,Normal
M_001048,2020-02-07T13:05:25,STK_003,USR_005,USR_010,1483.24,287,Normal
M_001066,2020-02-07T13:10:31,STK_004,USR_004,USR_001,1294.55,76,Normal
M_001055,2020-02-07T13:25:04,STK_002,USR_001,USR_003,222.94,20,Normal
M_001059,2020-02-07T13:28:22,STK_001,USR_001,USR_009,3242.80,194,Normal
M_001088,2020-02-07T13:34:22,STK_002,USR_001,USR_002,225.29,354,Normal
M_001051,2020-02-07T13:46:12,STK_004,USR_003,USR_009,1296.96,200,Normal
M_001072,2020-02-07T14:00:30,STK_003,USR_009,USR_007,1452.91,239,Normal
M_001047,2020-02-07T14:02:50,STK_002,USR_010,USR_003,224.05,89,Normal
M_001060,2020-02-07T14:04:45,STK_004,USR_001,USR_005,1303.72,431,Normal
M_001065,2020-02-07T14:04:49,STK_004,USR_007,USR_001,1287.14,355,Normal
M_001077,2020-02-07T14:12:10,STK_002,USR_001,USR_002,223.36,245,Normal
M_001082,2020-02-07T14:14:41,STK_001,USR_001,USR_006,3233.17,384,Normal
M_001083,2020-02-07T14:14:43,STK_004,USR_001,USR_003,1295.82,481,Normal
M_001079,2020-02-07T14:17:56,STK_002,USR_005,USR_006,223.51,231,Normal
M_001057,2020-02-07T14:22:22,STK_003,USR_007,USR_003,1473.16,123,Normal
M_001058,2020-02-07T14:30:55,STK_001,USR_005,USR_001,3235.78,345,Normal
M_001061,2020-02-07T14:36:55,STK_003,USR_002,USR_003,1478.96,437,Normal
M_001086,2020-02-07T14:45:15,STK_004,USR_006,USR_001,1290.27,278,Normal
M_001056,2020-02-07T14:50:28,STK_004,USR_010,USR_007,1297.11,84,Normal
M_001068,2020-02-07T14:59:06,STK_002,USR_008,USR_010,221.36,487,Normal
M_001114,2020-02-08T09:11:44,STK_001,USR_010,USR_005,3322.61,166,Normal
M_001104,2020-02-08T09:12:25,STK_003,USR_010,USR_005,1541.09,118,Normal
M_001100,2020-02-08T09:24:30,STK_002,USR_007,USR_002,220.70,89,Normal
M_001108,2020-02-08T09:32:49,STK_003,USR_006,USR_005,1515.46,37,Normal
M_001132,2020-02-08T09:43:24,STK_004,USR_010,USR_003,1320.62,443,Normal
M_001101,2020-02-08T09:46:51,STK_001,USR_005,USR_001,3290.59,384,Normal
M_001112,2020-02-08T09:54:23,STK_003,USR_010,USR_008,1517.75,55,Normal
M_001125,2020-02-08T10:13:51,STK_004,USR_003,USR_010,1327.79,345,Normal
M_001113,2020-02-08T10:41:48,STK_002,USR_009,USR_007,221.26,297,Normal
M_001129,2020-02-08T10:42:38,STK_001,USR_003,USR_004,3328.27,23,Normal
M_001124,2020-02-08T10:50:29,STK_002,USR_010,USR_003,221.17,146,Normal
M_001105,2020-02-08T10:51:18,STK_005,USR_005,USR_010,3036.46,290,Normal
M_001123,2020-02-08T10:52:55,STK_002,USR_010,USR_007,221.28,360,Normal
M_001131,2020-02-08T11:06:48,STK_002,USR_001,USR_010,221.26,193,Normal
M_001110,2020-02-08T11:28:10,STK_003,USR_001,USR_003,1534.89,159,Normal
M_001098,2020-02-08T11:55:09,STK_003,USR_006,USR_002,1535.66,96,Normal
M_001115,2020-02-08T12:02:10,STK_004,USR_003,USR_006,1318.30,19,Normal
M_001119,2020-02-08T12:06:39,STK_004,USR_003,USR_009,1323.43,54,Normal
M_001103,2020-02-08T12:07:28,STK_001,USR_009,USR_006,3291.84,251,Normal
M_001116,2020-02-08T12:09:23,STK_003,USR_005,USR_006,1533.33,130,Normal
M_001099,2020-02-08T12:10:59,STK_005,USR_003,USR_008,3058.08,173,Normal
M_001120,2020-02-08T12:28:44,STK_005,USR_008,USR_004,3029.50,66,Normal
M_001118,2020-02-08T12:31:26,STK_001,USR_004,USR_006,3279.55,87,Normal
M_001094,2020-02-08T12:35:53,STK_005,USR_010,USR_004,3067.12,325,Normal
M_001128,2020-02-08T12:44:35,STK_003,USR_005,USR_009,1527.78,87,Normal
M_001097,2020-02-08T12:45:52,STK_004,USR_006,USR_007,1315.54,34,Normal
M_001096,2020-02-08T12:54:52,STK_003,USR_002,USR_003,1531.39,353,Normal
M_001109,2020-02-08T13:13:55,STK_001,USR_008,USR_003,3286.98,348,Normal
M_001106,2020-02-08T13:23:47,STK_005,USR_001,USR_003,3028.85,202,Normal
M_001117,2020-02-08T13:33:45,STK_003,USR_006,USR_001,1519.96,159,Normal
M_001095,2020-02-08T13:46:18,STK_002,USR_003,USR_002,220.00,146,Normal
M_001127,2020-02-08T13:51:04,STK_001,USR_007,USR_004,3318.35,439,Normal
M_001126,2020-02-08T14:08:28,STK_002,USR_002,USR_005,219.96,295,Normal
M_001121,2020-02-08T14:12:52,STK_002,USR_005,USR_009,220.39,297,Normal
M_001107,2020-02-08T14:18:23,STK_005,USR_006,USR_001,3037.20,97,Normal
M_001133,2020-02-08T14:30:15,STK_004,USR_006,USR_009,1311.18,2,Normal
M_001122,2020-02-08T14:30:36,STK_003,USR_010,USR_009,1535.86,77,Normal
M_001130,2020-02-08T14:34:13,STK_005,USR_004,USR_005,3042.10,315,Normal
M_001102,2020-02-08T14:39:09,STK_002,USR_005,USR_010,221.18,17,Normal
M_001111,2020-02-08T14:54:39,STK_004,USR_008,USR_005,1309.26,24,Normal
M_001135,2020-02-09T09:08:11,STK_003,USR_004,USR_008,1463.70,390,Normal
M_001149,2020-02-09T09:13:36,STK_002,USR_004,USR_007,216.49,461,Normal
M_001141,2020-02-09T09:21:01,STK_005,USR_009,USR_002,2971.63,243,Normal
M_001143,2020-02-09T09:21:26,STK_005,USR_010,USR_007,2991.29,401,Normal
M_001139,2020-02-09T09:22:50,STK_005,USR_006,USR_007,2958.79,211,Normal
M_001142,2020-02-09T09:23:09,STK_002,USR_010,USR_008,215.79,212,Normal
M_001147,2020-02-09T10:17:40,STK_004,USR_008,USR_010,1375.62,56,Normal
M_001134,2020-02-09T10:29:26,STK_002,USR_001,USR_002,215.82,219,Normal
M_001136,2020-02-09T10:50:46,STK_002,USR_004,USR_001,216.39,484,Normal
M_001145,2020-02-09T12:37:22,STK_003,USR_009,USR_006,1471.12,91,Normal
M_001146,2020-02-09T12:50:43,STK_003,USR_010,USR_002,1470.59,472,Normal
M_001137,2020-02-09T12:59:54,STK_005,USR_006,USR_008,2979.55,66,Normal
M_001150,2020-02-09T13:08:19,STK_001,USR_007,USR_006,3237.02,364,Normal
M_001138,2020-02-09T13:09:52,STK_002,USR_008,USR_005,216.99,293,Normal
M_001148,2020-02-09T13:33:25,STK_001,USR_010,USR_004,3250.53,79,Normal
M_001140,2020-02-09T14:33:57,STK_005,USR_009,USR_010,2964.96,338,Normal
M_001144,2020-02-09T14:44:25,STK_001,USR_006,USR_005,3255.56,235,Normal
M_001159,2020-02-10T09:03:08,STK_005,USR_004,USR_008,2983.70,121,Normal
M_001155,2020-02-10T09:28:01,STK_004,USR_006,USR_004,1373.33,383,Normal
M_001169,2020-02-10T09:36:57,STK_004,USR_002,USR_008,1376.36,159,Normal
M_001161,2020-02-10T09:43:21,STK_005,USR_001,USR_010,2982.65,135,Normal
M_001165,2020-02-10T09:47:53,STK_001,USR_008,USR_003,3240.09,12,Normal
M_001157,2020-02-10T10:11:51,STK_002,USR_006,USR_001,220.00,16,Normal
M_001164,2020-02-10T10:19:23,STK_001,USR_007,USR_006,3222.71,20,Normal
M_001154,2020-02-10T10:21:58,STK_002,USR_004,USR_002,216.67,196,Normal
M_001166,2020-02-10T10:28:06,STK_003,USR_003,USR_010,1504.99,243,Normal
M_001163,2020-02-10T10:40:56,STK_002,USR_007,USR_001,217.96,28,Normal
M_001168,2020-02-10T11:43:27,STK_003,USR_008,USR_007,1505.37,1,Normal
M_001153,2020-02-10T12:27:51,STK_001,USR_007,USR_004,3222.34,299,Normal
M_001152,2020-02-10T12:29:45,STK_005,USR_008,USR_003,3024.61,223,Normal
M_001156,2020-02-10T13:03:42,STK_003,USR_002,USR_004,1504.89,470,Normal
M_001158,2020-02-10T13:10:28,STK_004,USR_010,USR_006,1372.78,423,Normal
M_001162,2020-02-10T13:58:55,STK_003,USR_004,USR_010,1495.64,35,Normal
M_001167,2020-02-10T14:16:11,STK_003,USR_003,USR_002,1493.05,403,Normal
M_001160,2020-02-10T14:21:35,STK_004,USR_008,USR_006,1359.80,236,Normal
M_001151,2020-02-10T14:46:17,STK_003,USR_010,USR_003,1503.84,372,Normal
M_001188,2020-02-11T09:17:01,STK_003,USR_010,USR_007,1510.16,441,Normal
M_001185,2020-02-11T09:30:35,STK_005,USR_007,USR_005,3054.82,28,Normal
M_001190,2020-02-11T10:03:48,STK_003,USR_001,USR_006,1508.32,149,Normal
M_001174,2020-02-11T10:10:50,STK_005,USR_008,USR_010,3018.85,143,Normal
M_001189,2020-02-11T10:30:38,STK_005,USR_003,USR_008,3033.44,245,Normal
M_001182,2020-02-11T10:35:55,STK_002,USR_007,USR_005,220.79,472,Normal
M_001171,2020-02-11T10:54:10,STK_005,USR_003,USR_001,3030.83,302,Normal
M_001179,2020-02-11T11:33:48,STK_003,USR_006,USR_003,1491.01,163,Normal
M_001170,2020-02-11T11:59:47,STK_005,USR_010,USR_007,3022.65,117,Normal
M_001181,2020-02-11T12:02:01,STK_003,USR_001,USR_008,1498.33,407,Normal
M_001187,2020-02-11T12:13:06,STK_001,USR_006,USR_004,3193.25,440,Normal
M_001191,2020-02-11T12:46:01,STK_001,USR_004,USR_009,3165.32,200,Normal
M_001177,2020-02-11T12:46:07,STK_001,USR_006,USR_008,3151.56,296,Normal
M_001192,2020-02-11T13:06:48,STK_003,USR_010,USR_004,1496.32,97,Normal
M_001183,2020-02-11T13:21:39,STK_004,USR_001,USR_010,1342.90,340,Normal
M_001180,2020-02-11T13:36:43,STK_005,USR_001,USR_006,3043.58,68,Normal
M_001173,2020-02-11T13:46:56,STK_005,USR_006,USR_010,3035.41,484,Normal
M_001186,2020-02-11T13:52:39,STK_001,USR_007,USR_005,3206.79,254,Normal
M_001184,2020-02-11T13:53:15,STK_003,USR_007,USR_009,1514.06,485,Normal
M_001172,2020-02-11T14:30:17,STK_003,USR_006,USR_008,1499.18,142,Normal
M_001176,2020-02-11T14:32:49,STK_002,USR_005,USR_010,217.57,109,Normal
M_001175,2020-02-11T14:45:04,STK_004,USR_003,USR_004,1358.33,462,Normal
M_001178,2020-02-11T14:48:09,STK_002,USR_005,USR_001,216.09,363,Normal
M_001198,2020-02-12T09:02:14,STK_003,USR_003,USR_001,1474.96,180,Normal
M_001197,2020-02-12T09:19:57,STK_004,USR_010,USR_004,1360.56,69,Normal
M_001196,2020-02-12T09:53:39,STK_005,USR_005,USR_003,3079.28,380,Normal
M_001204,2020-02-12T10:02:30,STK_001,USR_009,USR_010,3203.28,62,Normal
M_001203,2020-02-12T10:04:15,STK_003,USR_004,USR_003,1481.23,150,Normal
M_001193,2020-02-12T10:50:22,STK_001,USR_010,USR_009,3175.26,22,Normal
M_001201,2020-02-12T10:54:36,STK_003,USR_004,USR_005,1500.12,156,Normal
M_001202,2020-02-12T11:31:05,STK_005,USR_009,USR_006,3091.99,353,Normal
M_001199,2020-02-12T13:14:58,STK_001,USR_010,USR_003,3172.54,402,Normal
M_001194,2020-02-12T13:23:35,STK_005,USR_005,USR_003,3105.04,184,Normal
M_001195,2020-02-12T13:24:02,STK_005,USR_007,USR_005,3064.67,83,Normal
M_001200,2020-02-12T14:59:53,STK_003,USR_006,USR_001,1487.95,337,Normal
M_001208,2020-02-13T09:15:50,STK_004,USR_001,USR_008,1335.98,64,Normal
M_001224,2020-02-13T09:36:04,STK_003,USR_008,USR_004,1477.64,306,Normal
M_001220,2020-02-13T09:56:12,STK_004,USR_007,USR_002,1339.07,159,Normal
M_001231,2020-02-13T10:15:52,STK_005,USR_004,USR_001,3056.21,348,Normal
M_001232,2020-02-13T10:21:29,STK_004,USR_005,USR_010,1333.37,209,Normal
M_001219,2020-02-13T10:33:16,STK_003,USR_003,USR_006,1460.82,270,Normal
M_001210,2020-02-13T10:37:44,STK_005,USR_006,USR_009,3061.48,169,Normal
M_001215,2020-02-13T11:02:13,STK_002,USR_005,USR_010,218.04,477,Normal
M_001226,2020-02-13T11:08:58,STK_002,USR_002,USR_009,218.70,50,Normal
M_001223,2020-02-13T11:13:05,STK_005,USR_009,USR_003,3052.33,206,Normal
M_001206,2020-02-13T11:13:42,STK_002,USR_006,USR_001,221.86,198,Normal
M_001205,2020-02-13T11:28:01,STK_002,USR_005,USR_010,220.99,303,Normal
M_001234,2020-02-13T11:52:54,STK_003,USR_008,USR_006,1480.43,377,Normal
M_001217,2020-02-13T11:57:21,STK_004,USR_001,USR_008,1335.69,43,Normal
M_001211,2020-02-13T12:01:29,STK_002,USR_009,USR_010,217.85,50,Normal
M_001207,2020-02-13T12:04:59,STK_005,USR_001,USR_009,3082.93,76,Normal
M_001216,2020-02-13T12:18:29,STK_004,USR_007,USR_003,1342.69,307,Normal
M_001209,2020-02-13T12:29:29,STK_001,USR_008,USR_003,3233.16,210,Normal
M_001222,2020-02-13T12:38:53,STK_005,USR_004,USR_007,3084.74,309,Normal
M_001229,2020-02-13T12:41:37,STK_001,USR_008,USR_003,3271.31,177,Normal
M_001225,2020-02-13T12:57:45,STK_005,USR_010,USR_006,3066.50,365,Normal
M_001212,2020-02-13T13:14:19,STK_005,USR_002,USR_003,3064.27,426,Normal
M_001213,2020-02-13T13:15:44,STK_001,USR_005,USR_009,3248.96,360,Normal
M_001218,2020-02-13T13:19:35,STK_001,USR_009,USR_007,3232.34,246,Normal
M_001230,2020-02-13T13:29:57,STK_001,USR_005,USR_003,3249.73,343,Normal
M_001228,2020-02-13T14:03:09,STK_001,USR_003,USR_009,3263.82,167,Normal
M_001227,2020-02-13T14:13:35,STK_004,USR_009,USR_003,1341.27,176,Normal
M_001233,2020-02-13T14:36:11,STK_005,USR_004,USR_010,3046.68,115,Normal
M_001214,2020-02-13T14:51:56,STK_004,USR_005,USR_004,1336.13,495,Normal
M_001221,2020-02-13T14:54:41,STK_001,USR_010,USR_006,3280.17,246,Normal
M_001237,2020-02-14T09:00:27,STK_005,USR_002,USR_006,3005.85,450,Normal
M_001244,2020-02-14T09:08:34,STK_002,USR_009,USR_008,223.22,346,Normal
M_001243,2020-02-14T10:08:33,STK_002,USR_003,USR_002,222.06,50,Normal
M_001241,2020-02-14T10:34:42,STK_004,USR_005,USR_004,1379.70,294,Normal
M_001248,2020-02-14T11:03:17,STK_002,USR_001,USR_009,222.29,305,Normal
M_001238,2020-02-14T11:34:07,STK_001,USR_008,USR_005,3289.73,48,Normal
M_001236,2020-02-14T11:40:39,STK_001,USR_010,USR_007,3263.02,37,Normal
M_001240,2020-02-14T12:28:23,STK_004,USR_004,USR_010,1377.29,349,Normal
M_001242,2020-02-14T12:30:02,STK_003,USR_003,USR_008,1462.06,157,Normal
M_001246,2020-02-14T12:47:06,STK_004,USR_003,USR_008,1370.58,137,Normal
M_001245,2020-02-14T12:58:30,STK_002,USR_003,USR_004,224.70,338,Normal
M_001249,2020-02-14T13:32:03,STK_002,USR_005,USR_010,224.33,220,Normal
M_001247,2020-02-14T13:38:12,STK_004,USR_007,USR_010,1381.26,11,Normal
M_001235,2020-02-14T14:18:14,STK_001,USR_003,USR_009,3274.90,446,Normal
M_001239,2020-02-14T14:22:18,STK_004,USR_008,USR_007,1384.32,2,Normal
M_001250,2020-02-15T09:20:40,STK_005,USR_006,USR_010,2996.43,67,Normal
M_001255,2020-02-15T09:28:49,STK_003,USR_001,USR_010,1497.44,250,Normal
M_001261,2020-02-15T09:45:03,STK_002,USR_002,USR_010,213.42,445,Normal
M_001260,2020-02-15T11:39:20,STK_005,USR_006,USR_001,2977.38,258,Normal
M_001257,2020-02-15T12:12:44,STK_003,USR_003,USR_006,1489.53,28,Normal
M_001256,2020-02-15T13:07:57,STK_005,USR_006,USR_010,2996.07,225,Normal
M_001259,2020-02-15T13:18:24,STK_005,USR_001,USR_003,2994.72,346,Normal
M_001253,2020-02-15T13:45:49,STK_005,USR_005,USR_002,2994.35,251,Normal
M_001252,2020-02-15T13:47:29,STK_003,USR_010,USR_009,1484.69,50,Normal
M_001251,2020-02-15T14:16:54,STK_004,USR_002,USR_007,1366.78,82,Normal
M_001258,2020-02-15T14:26:23,STK_003,USR_001,USR_006,1486.10,332,Normal
M_001254,2020-02-15T14:44:25,STK_001,USR_005,USR_010,3279.93,323,Normal
M_001281,2020-02-16T09:12:56,STK_005,USR_001,USR_002,3019.10,490,Normal
M_001266,2020-02-16T09:18:04,STK_003,USR_004,USR_002,1431.52,289,Normal
M_001274,2020-02-16T09:22:24,STK_001,USR_006,USR_010,3297.33,499,Normal
M_001286,2020-02-16T09:34:04,STK_004,USR_007,USR_005,1344.00,40,Normal
M_001304,2020-02-16T09:34:24,STK_005,USR_009,USR_005,3014.40,206,Normal
M_001296,2020-02-16T09:38:17,STK_005,USR_001,USR_004,3024.38,206,Normal
M_001292,2020-02-16T09:38:27,STK_005,USR_009,USR_005,3037.84,19,Normal
M_001279,2020-02-16T09:53:21,STK_005,USR_009,USR_002,3078.88,189,Normal
M_001301,2020-02-16T09:58:18,STK_003,USR_002,USR_010,1431.79,463,Normal
M_001263,2020-02-16T10:00:55,STK_005,USR_004,USR_003,3030.81,347,Normal
M_001267,2020-02-16T10:24:11,STK_004,USR_007,USR_009,1327.23,131,Normal
M_001278,2020-02-16T10:38:15,STK_003,USR_001,USR_010,1421.19,354,Normal
M_001284,2020-02-16T10:40:37,STK_003,USR_009,USR_006,1411.52,348,Normal
M_001303,2020-02-16T10:45:27,STK_001,USR_009,USR_005,3308.96,209,Normal
M_001280,2020-02-16T10:59:49,STK_003,USR_004,USR_006,1423.87,27,Normal
M_001265,2020-02-16T11:08:59,STK_004,USR_010,USR_003,1330.31,213,Normal
M_001277,2020-02-16T11:12:03,STK_005,USR_010,USR_004,3043.88,182,Normal
M_001287,2020-02-16T11:21:01,STK_003,USR_009,USR_003,1429.43,45,Normal
M_001272,2020-02-16T11:23:25,STK_002,USR_007,USR_009,222.29,16,Normal
M_001276,2020-02-16T11:25:51,STK_001,USR_008,USR_006,3275.69,134,Normal
M_001262,2020-02-16T11:33:26,STK_003,USR_001,USR_006,1436.37,65,Normal
M_001273,2020-02-16T11:37:43,STK_004,USR_007,USR_005,1333.68,281,Normal
M_001300,2020-02-16T11:38:21,STK_002,USR_010,USR_004,219.32,30,Normal
M_001298,2020-02-16T11:45:23,STK_004,USR_003,USR_001,1334.35,197,Normal
M_001285,2020-02-16T11:56:37,STK_003,USR_002,USR_004,1417.00,151,Normal
M_001294,2020-02-16T12:33:15,STK_003,USR_007,USR_003,1417.17,451,Normal
M_001295,2020-02-16T12:33:43,STK_005,USR_010,USR_001,3046.10,372,Normal
M_001290,2020-02-16T12:55:31,STK_002,USR_002,USR_010,220.57,240,Normal
M_001275,2020-02-16T12:55:48,STK_005,USR_007,USR_005,3026.07,148,Normal
M_001268,2020-02-16T13:00:23,STK_002,USR_007,USR_004,219.61,37,Normal
M_001291,2020-02-16T13:01:09,STK_003,USR_001,USR_002,1427.81,47,Normal
M_001264,2020-02-16T13:03:55,STK_003,USR_006,USR_003,1416.57,410,Normal
M_001305,2020-02-16T13:05:22,STK_001,USR_007,USR_002,3308.56,26,Normal
M_001270,2020-02-16T13:13:24,STK_004,USR_005,USR_010,1325.18,213,Normal
M_001297,2020-02-16T13:23:16,STK_001,USR_006,USR_010,3285.73,180,Normal
M_001288,2020-02-16T13:28:32,STK_002,USR_007,USR_010,220.00,101,Normal
M_001293,2020-02-16T13:31:48,STK_002,USR_002,USR_001,219.56,305,Normal
M_001271,2020-02-16T13:50:49,STK_002,USR_008,USR_007,220.63,252,Normal
M_001299,2020-02-16T13:51:58,STK_003,USR_009,USR_002,1436.41,104,Normal
M_001282,2020-02-16T14:24:28,STK_002,USR_002,USR_010,220.03,372,Normal
M_001302,2020-02-16T14:45:35,STK_004,USR_003,USR_004,1331.00,28,Normal
M_001269,2020-02-16T14:50:45,STK_003,USR_001,USR_003,1418.32,95,Normal
M_001289,2020-02-16T14:52:31,STK_004,USR_004,USR_001,1340.06,286,Normal
M_001283,2020-02-16T14:58:28,STK_005,USR_002,USR_003,3032.21,366,Normal
M_001328,2020-02-17T09:15:52,STK_004,USR_002,USR_006,1403.32,46,Normal
M_001327,2020-02-17T09:28:38,STK_005,USR_004,USR_003,3059.01,412,Normal
M_001312,2020-02-17T09:34:31,STK_001,USR_003,USR_006,3287.19,397,Normal
M_001324,2020-02-17T10:01:32,STK_002,USR_009,USR_008,224.48,7,Normal
M_001308,2020-02-17T10:34:04,STK_001,USR_002,USR_006,3284.28,243,Normal
M_001319,2020-02-17T10:35:19,STK_005,USR_004,USR_001,3074.01,377,Normal
M_001330,2020-02-17T10:48:32,STK_003,USR_002,USR_005,1448.93,176,Normal
M_001331,2020-02-17T10:49:12,STK_004,USR_002,USR_003,1392.23,251,Normal
M_001329,2020-02-17T11:08:30,STK_004,USR_007,USR_006,1400.32,30,Normal
M_001318,2020-02-17T11:27:58,STK_005,USR_007,USR_009,3078.51,25,Normal
M_001325,2020-02-17T11:35:40,STK_002,USR_005,USR_007,226.55,181,Normal
M_001311,2020-02-17T11:57:04,STK_001,USR_003,USR_010,3307.88,174,Normal
M_001313,2020-02-17T12:46:43,STK_002,USR_010,USR_007,222.46,94,Normal
M_001321,2020-02-17T12:48:42,STK_001,USR_004,USR_009,3283.10,108,Normal
M_001314,2020-02-17T12:59:34,STK_002,USR_004,USR_002,224.16,61,Normal
M_001317,2020-02-17T13:19:57,STK_002,USR_003,USR_005,224.27,337,Normal
M_001316,2020-02-17T13:25:56,STK_001,USR_001,USR_002,3288.76,101,Normal
M_001310,2020-02-17T13:31:30,STK_005,USR_002,USR_004,3085.82,421,Normal
M_001320,2020-02-17T13:33:00,STK_005,USR_006,USR_002,3061.96,188,Normal
M_001306,2020-02-17T13:53:02,STK_002,USR_002,USR_005,225.06,28,Normal
M_001322,2020-02-17T13:54:45,STK_005,USR_009,USR_004,3051.49,141,Normal
M_001332,2020-02-17T14:19:32,STK_004,USR_008,USR_002,1408.80,1,Normal
M_001309,2020-02-17T14:33:48,STK_002,USR_002,USR_003,225.03,68,Normal
M_001326,2020-02-17T14:36:51,STK_004,USR_003,USR_001,1407.48,167,Normal
M_001307,2020-02-17T14:37:42,STK_001,USR_003,USR_005,3294.70,17,Normal
M_001323,2020-02-17T14:42:07,STK_002,USR_001,USR_006,226.66,109,Normal
M_001315,2020-02-17T14:45:15,STK_005,USR_003,USR_007,3085.51,18,Normal
M_001339,2020-02-18T09:24:09,STK_001,USR_010,USR_008,3268.91,27,Normal
M_001341,2020-02-18T09:53:31,STK_004,USR_004,USR_009,1396.09,45,Normal
M_001334,2020-02-18T10:09:28,STK_001,USR_001,USR_010,3236.64,153,Normal
M_001333,2020-02-18T10:46:02,STK_003,USR_004,USR_006,1470.13,35,Normal
M_001336,2020-02-18T11:41:11,STK_005,USR_004,USR_003,3086.09,92,Normal
M_001343,2020-02-18T12:15:44,STK_003,USR_002,USR_005,1468.68,18,Normal
M_001346,2020-02-18T12:22:17,STK_004,USR_001,USR_007,1400.95,450,Normal
M_001348,2020-02-18T12:47:15.394000,STK_004,USR_005,USR_006,1390.21,179,Wash_Trade
M_001349,2020-02-18T12:47:15.600000,STK_004,USR_006,USR_005,1394.42,1069,Wash_Trade
M_001350,2020-02-18T12:47:16.050000,STK_004,USR_005,USR_006,1392.49,1069,Wash_Trade
M_001351,2020-02-18T12:47:16.467000,STK_004,USR_006,USR_005,1393.11,1069,Wash_Trade
M_001352,2020-02-18T12:47:16.738000,STK_004,USR_005,USR_006,1393.70,1069,Wash_Trade
M_001353,2020-02-18T12:47:16.866000,STK_004,USR_006,USR_005,1393.50,1069,Wash_Trade
M_001354,2020-02-18T12:47:17.311000,STK_004,USR_005,USR_006,1394.22,1069,Wash_Trade
M_001355,2020-02-18T12:47:17.437000,STK_004,USR_006,USR_005,1392.63,1069,Wash_Trade
M_001356,2020-02-18T12:47:17.733000,STK_004,USR_005,USR_006,1393.95,1069,Wash_Trade
M_001335,2020-02-18T12:48:24,STK_002,USR_004,USR_006,227.94,105,Normal
M_001340,2020-02-18T12:52:29,STK_005,USR_008,USR_009,3118.81,28,Normal
M_001345,2020-02-18T13:13:16,STK_002,USR_003,USR_008,224.65,414,Normal
M_001344,2020-02-18T13:22:01,STK_003,USR_009,USR_004,1477.66,101,Normal
M_001337,2020-02-18T14:01:52,STK_002,USR_008,USR_002,224.98,1,Normal
M_001342,2020-02-18T14:05:00,STK_001,USR_004,USR_007,3254.64,77,Normal
M_001338,2020-02-18T14:16:27,STK_002,USR_001,USR_003,226.30,223,Normal
M_001347,2020-02-18T14:42:35,STK_001,USR_006,USR_007,3256.61,281,Normal
M_001358,2020-02-19T09:36:35,STK_005,USR_003,USR_005,3181.77,181,Normal
M_001365,2020-02-19T09:42:01,STK_001,USR_006,USR_003,3224.58,67,Normal
M_001364,2020-02-19T09:43:47,STK_004,USR_006,USR_002,1356.12,378,Normal
M_001366,2020-02-19T10:20:48,STK_004,USR_005,USR_003,1359.87,141,Normal
M_001360,2020-02-19T11:26:00,STK_005,USR_005,USR_007,3165.42,37,Normal
M_001357,2020-02-19T12:19:39,STK_003,USR_010,USR_004,1477.80,99,Normal
M_001363,2020-02-19T12:21:03,STK_001,USR_009,USR_004,3254.62,34,Normal
M_001361,2020-02-19T13:25:32,STK_005,USR_002,USR_009,3168.66,250,Normal
M_001362,2020-02-19T13:50:29,STK_005,USR_009,USR_005,3164.16,215,Normal
M_001359,2020-02-19T14:16:49,STK_002,USR_007,USR_004,231.19,190,Normal
M_001393,2020-02-20T09:06:39,STK_003,USR_007,USR_006,1479.00,167,Normal
M_001369,2020-02-20T09:12:02,STK_002,USR_006,USR_010,237.20,124,Normal
M_001379,2020-02-20T09:18:56,STK_003,USR_003,USR_007,1488.83,200,Normal
M_001374,2020-02-20T09:25:50,STK_002,USR_005,USR_006,233.72,243,Normal
M_001399,2020-02-20T09:36:06,STK_005,USR_002,USR_009,3163.70,13,Normal
M_001389,2020-02-20T09:45:39,STK_005,USR_002,USR_010,3207.85,272,Normal
M_001377,2020-02-20T10:03:51,STK_001,USR_003,USR_006,3273.03,235,Normal
M_001381,2020-02-20T10:06:20,STK_001,USR_009,USR_007,3319.01,118,Normal
M_001382,2020-02-20T10:19:23,STK_004,USR_003,USR_005,1373.54,12,Normal
M_001392,2020-02-20T10:20:47,STK_004,USR_008,USR_004,1366.31,200,Normal
M_001396,2020-02-20T10:29:27,STK_004,USR_003,USR_008,1363.88,200,Normal
M_001375,2020-02-20T10:30:51,STK_005,USR_010,USR_003,3184.16,84,Normal
M_001376,2020-02-20T10:39:32,STK_002,USR_004,USR_003,236.15,131,Normal
M_001373,2020-02-20T11:21:59,STK_002,USR_006,USR_008,238.11,157,Normal
M_001378,2020-02-20T11:22:13,STK_003,USR_004,USR_005,1482.46,297,Normal
M_001398,2020-02-20T11:45:36,STK_004,USR_010,USR_009,1353.56,1,Normal
M_001372,2020-02-20T11:46:04,STK_005,USR_006,USR_003,3176.41,97,Normal
M_001387,2020-02-20T11:58:14,STK_001,USR_004,USR_010,3299.21,308,Normal
M_001384,2020-02-20T12:04:58,STK_001,USR_001,USR_008,3315.53,81,Normal
M_001390,2020-02-20T12:35:24,STK_002,USR_006,USR_008,236.71,85,Normal
M_001400,2020-02-20T12:43:37,STK_003,USR_003,USR_007,1478.40,294,Normal
M_001368,2020-02-20T13:02:24,STK_001,USR_004,USR_005,3287.95,42,Normal
M_001395,2020-02-20T13:02:36,STK_004,USR_009,USR_008,1358.31,1,Normal
M_001394,2020-02-20T13:03:20,STK_005,USR_005,USR_002,3200.30,382,Normal
M_001380,2020-02-20T13:04:54,STK_005,USR_010,USR_004,3171.22,164,Normal
M_001401,2020-02-20T13:12:22,STK_005,USR_005,USR_004,3166.59,105,Normal
M_001388,2020-02-20T13:47:30,STK_002,USR_004,USR_005,235.92,21,Normal
M_001367,2020-02-20T13:55:41,STK_002,USR_006,USR_009,238.30,32,Normal
M_001383,2020-02-20T13:58:16,STK_005,USR_005,USR_008,3194.27,57,Normal
