Transaction_ID,Timestamp,Stock_ID,Buyer_ID,Seller_ID,Price,Volume,Memo
M_000032,2020-01-01T09:00:18,STK_005,USR_006,USR_008,3695.20,139,Normal
M_000005,2020-01-01T09:03:32,STK_002,USR_007,USR_006,222.54,669,Normal
M_000026,2020-01-01T09:06:16,STK_001,USR_009,USR_005,3255.49,1674,Normal
M_000003,2020-01-01T09:14:29,STK_005,USR_004,USR_009,3705.51,959,Normal
M_000043,2020-01-01T09:17:09,STK_003,USR_002,USR_009,1474.15,587,Normal
M_000023,2020-01-01T09:25:43,STK_001,USR_003,USR_010,3271.44,1722,Normal
M_000017,2020-01-01T09:30:32,STK_002,USR_001,USR_006,221.69,921,Normal
M_000040,2020-01-01T09:34:58,STK_003,USR_001,USR_009,1455.56,571,Normal
M_000011,2020-01-01T09:37:59,STK_001,USR_004,USR_005,3256.13,263,Normal
M_000001,2020-01-01T09:47:28,STK_005,USR_007,USR_001,3687.02,161,Normal
M_000002,2020-01-01T09:51:10,STK_002,USR_004,USR_009,223.69,1332,Normal
M_000033,2020-01-01T10:01:05,STK_003,USR_005,USR_004,1452.03,218,Normal
M_000006,2020-01-01T10:24:54,STK_002,USR_006,USR_002,221.42,289,Normal
M_000028,2020-01-01T10:26:22,STK_004,USR_001,USR_005,1230.01,1125,Normal
M_000029,2020-01-01T10:37:34,STK_005,USR_002,USR_005,3671.82,1823,Normal
M_000038,2020-01-01T10:49:51,STK_003,USR_007,USR_006,1465.55,997,Normal
M_000014,2020-01-01T10:54:25,STK_003,USR_002,USR_003,1459.74,1193,Normal
M_000022,2020-01-01T10:59:46,STK_002,USR_009,USR_008,220.66,286,Normal
M_000004,2020-01-01T11:00:23,STK_004,USR_010,USR_005,1227.21,1757,Normal
M_000012,2020-01-01T11:07:08,STK_001,USR_007,USR_005,3248.77,1028,Normal
M_000034,2020-01-01T11:11:32,STK_005,USR_002,USR_010,3666.83,1598,Normal
M_000015,2020-01-01T11:13:41,STK_002,USR_008,USR_007,220.37,652,Normal
M_000021,2020-01-01T11:23:29,STK_005,USR_007,USR_010,3693.39,841,Normal
M_000008,2020-01-01T11:24:27,STK_001,USR_008,USR_009,3269.26,355,Normal
M_000020,2020-01-01T11:24:39,STK_002,USR_004,USR_009,221.33,1203,Normal
M_000018,2020-01-01T11:26:13,STK_001,USR_004,USR_006,3266.41,535,Normal
M_000044,2020-01-01T11:32:05,STK_004,USR_004,USR_009,1232.21,370,Normal
M_000031,2020-01-01T12:24:12,STK_002,USR_009,USR_010,220.58,1981,Normal
M_000009,2020-01-01T12:26:43,STK_001,USR_009,USR_005,3234.07,1798,Normal
M_000007,2020-01-01T12:27:29,STK_001,USR_006,USR_010,3257.71,1336,Normal
M_000024,2020-01-01T12:50:33,STK_005,USR_002,USR_007,3680.26,881,Normal
M_000036,2020-01-01T13:19:34,STK_005,USR_003,USR_005,3704.97,1180,Normal
M_000035,2020-01-01T13:25:24,STK_001,USR_009,USR_003,3268.52,362,Normal
M_000039,2020-01-01T13:42:39,STK_004,USR_002,USR_004,1228.24,560,Normal
M_000041,2020-01-01T14:21:22,STK_002,USR_001,USR_002,221.14,1549,Normal
M_000025,2020-01-01T14:25:26,STK_004,USR_009,USR_005,1228.30,1233,Normal
M_000037,2020-01-01T14:31:16,STK_004,USR_004,USR_009,1231.15,1646,Normal
M_000010,2020-01-01T14:43:19,STK_005,USR_006,USR_004,3659.50,1542,Normal
M_000042,2020-01-01T14:44:39,STK_001,USR_004,USR_002,3257.79,1954,Normal
M_000013,2020-01-01T14:47:10,STK_003,USR_003,USR_006,1468.70,827,Normal
M_000030,2020-01-01T14:48:57,STK_005,USR_010,USR_004,3706.52,413,Normal
M_000016,2020-01-01T14:49:31,STK_005,USR_004,USR_006,3718.39,1826,Normal
M_000027,2020-01-01T14:50:03,STK_003,USR_002,USR_005,1479.98,990,Normal
M_000019,2020-01-01T14:57:57,STK_004,USR_007,USR_008,1221.33,392,Normal
M_000055,2020-01-02T09:01:10,STK_004,USR_005,USR_008,1218.37,684,Normal
M_000076,2020-01-02T09:01:56,STK_003,USR_003,USR_005,1451.45,430,Normal
M_000081,2020-01-02T09:21:47,STK_003,USR_004,USR_010,1455.81,1465,Normal
M_000075,2020-01-02T09:27:44,STK_001,USR_007,USR_005,3137.44,190,Normal
M_000066,2020-01-02T09:39:37,STK_001,USR_008,USR_002,3163.12,250,Normal
M_000051,2020-01-02T09:41:10,STK_004,USR_009,USR_002,1210.53,203,Normal
M_000046,2020-01-02T09:51:30,STK_001,USR_007,USR_006,3164.84,967,Normal
M_000082,2020-01-02T09:56:08,STK_003,USR_009,USR_007,1462.15,1371,Normal
M_000071,2020-01-02T09:56:34,STK_002,USR_005,USR_002,223.13,1922,Normal
M_000072,2020-01-02T09:58:27,STK_005,USR_003,USR_005,3743.17,677,Normal
M_000086,2020-01-02T09:59:02,STK_004,USR_001,USR_008,1204.56,555,Normal
M_000078,2020-01-02T10:01:05,STK_001,USR_003,USR_009,3155.35,173,Normal
M_000080,2020-01-02T10:09:36,STK_001,USR_005,USR_006,3158.26,1941,Normal
M_000083,2020-01-02T10:24:24,STK_002,USR_003,USR_010,222.59,1905,Normal
M_000069,2020-01-02T10:26:09,STK_004,USR_009,USR_005,1214.00,1352,Normal
M_000050,2020-01-02T10:40:12,STK_003,USR_008,USR_004,1462.20,1890,Normal
M_000060,2020-01-02T10:41:29,STK_001,USR_010,USR_002,3140.01,1482,Normal
M_000049,2020-01-02T10:43:52,STK_005,USR_008,USR_003,3742.69,964,Normal
M_000087,2020-01-02T10:48:59,STK_004,USR_006,USR_005,1215.24,1780,Normal
M_000054,2020-01-02T10:56:44,STK_004,USR_001,USR_003,1206.18,876,Normal
M_000088,2020-01-02T11:04:17,STK_002,USR_001,USR_004,223.67,916,Normal
M_000061,2020-01-02T11:08:27,STK_004,USR_002,USR_004,1215.63,1285,Normal
M_000053,2020-01-02T11:09:05,STK_002,USR_007,USR_008,222.14,1085,Normal
M_000064,2020-01-02T11:22:24,STK_002,USR_006,USR_004,225.12,643,Normal
M_000057,2020-01-02T11:42:02,STK_002,USR_001,USR_009,223.30,224,Normal
M_000058,2020-01-02T11:51:16,STK_001,USR_001,USR_008,3165.98,1129,Normal
M_000089,2020-01-02T11:59:16,STK_003,USR_002,USR_005,1455.14,819,Normal
M_000068,2020-01-02T12:10:36,STK_001,USR_004,USR_006,3145.46,683,Normal
M_000079,2020-01-02T12:21:38,STK_005,USR_009,USR_003,3726.60,980,Normal
M_000065,2020-01-02T12:36:09,STK_002,USR_005,USR_008,220.45,747,Normal
M_000048,2020-01-02T12:39:53,STK_003,USR_002,USR_004,1452.85,492,Normal
M_000047,2020-01-02T12:44:30,STK_004,USR_001,USR_002,1208.35,224,Normal
M_000085,2020-01-02T12:44:51,STK_002,USR_005,USR_003,222.94,1712,Normal
M_000084,2020-01-02T12:45:10,STK_001,USR_003,USR_006,3145.01,1702,Normal
M_000056,2020-01-02T12:51:01,STK_005,USR_008,USR_003,3761.84,488,Normal
M_000077,2020-01-02T13:01:18,STK_005,USR_007,USR_009,3753.60,119,Normal
M_000045,2020-01-02T13:18:08,STK_002,USR_008,USR_007,224.53,489,Normal
M_000059,2020-01-02T13:50:03,STK_002,USR_001,USR_009,223.78,264,Normal
M_000067,2020-01-02T13:53:37,STK_002,USR_009,USR_005,223.47,371,Normal
M_000062,2020-01-02T14:24:41,STK_001,USR_010,USR_002,3174.40,958,Normal
M_000073,2020-01-02T14:30:19,STK_002,USR_006,USR_004,225.03,1507,Normal
M_000074,2020-01-02T14:46:22,STK_003,USR_009,USR_008,1451.33,614,Normal
M_000090,2020-01-02T14:50:20,STK_005,USR_007,USR_009,3732.12,778,Normal
M_000052,2020-01-02T14:56:09,STK_005,USR_001,USR_002,3733.03,1997,Normal
M_000070,2020-01-02T14:57:09,STK_005,USR_001,USR_009,3699.37,713,Normal
M_000063,2020-01-02T14:59:00,STK_005,USR_010,USR_009,3735.83,747,Normal
M_000107,2020-01-03T09:13:20,STK_001,USR_004,USR_008,3047.08,1351,Normal
M_000108,2020-01-03T09:39:46,STK_004,USR_007,USR_004,1202.35,1571,Normal
M_000104,2020-01-03T10:32:40,STK_001,USR_005,USR_009,3078.49,1459,Normal
M_000111,2020-01-03T10:36:03,STK_005,USR_008,USR_001,3765.24,1241,Normal
M_000091,2020-01-03T10:37:31,STK_005,USR_005,USR_001,3731.97,322,Normal
M_000096,2020-01-03T10:47:36,STK_003,USR_007,USR_002,1431.26,1460,Normal
M_000106,2020-01-03T11:08:16,STK_003,USR_004,USR_010,1450.84,401,Normal
M_000112,2020-01-03T11:16:05,STK_001,USR_008,USR_003,3045.84,1741,Normal
M_000116,2020-01-03T11:21:33,STK_002,USR_005,USR_009,219.78,1092,Normal
M_000098,2020-01-03T11:44:00,STK_005,USR_005,USR_007,3725.57,768,Normal
M_000097,2020-01-03T12:00:19,STK_005,USR_006,USR_002,3723.95,1574,Normal
M_000109,2020-01-03T12:29:42,STK_004,USR_007,USR_004,1185.60,402,Normal
M_000099,2020-01-03T12:39:45,STK_003,USR_009,USR_003,1462.93,492,Normal
M_000100,2020-01-03T12:49:37,STK_004,USR_003,USR_005,1192.82,931,Normal
M_000102,2020-01-03T12:54:46,STK_005,USR_010,USR_006,3723.80,1052,Normal
M_000095,2020-01-03T12:58:08,STK_001,USR_009,USR_010,3059.86,1506,Normal
M_000103,2020-01-03T13:01:16,STK_004,USR_004,USR_009,1186.99,1069,Normal
M_000114,2020-01-03T13:01:42,STK_005,USR_009,USR_007,3726.30,1801,Normal
M_000113,2020-01-03T13:13:45,STK_005,USR_009,USR_006,3713.90,1646,Normal
M_000115,2020-01-03T13:59:12,STK_004,USR_003,USR_008,1190.96,1021,Normal
M_000101,2020-01-03T13:59:14,STK_001,USR_005,USR_010,3065.62,530,Normal
M_000094,2020-01-03T14:14:53,STK_002,USR_005,USR_001,221.78,1551,Normal
M_000092,2020-01-03T14:25:48,STK_004,USR_006,USR_010,1205.23,993,Normal
M_000093,2020-01-03T14:31:04,STK_005,USR_002,USR_007,3727.70,1942,Normal
M_000105,2020-01-03T14:45:40,STK_005,USR_006,USR_002,3738.45,1776,Normal
M_000110,2020-01-03T14:58:17,STK_001,USR_002,USR_007,3069.98,548,Normal
M_000123,2020-01-04T09:03:13,STK_003,USR_005,USR_007,1447.09,1847,Normal
M_000130,2020-01-04T09:27:27,STK_003,USR_007,USR_006,1460.98,533,Normal
M_000121,2020-01-04T09:34:00,STK_002,USR_007,USR_010,217.04,1953,Normal
M_000125,2020-01-04T10:59:50,STK_003,USR_007,USR_008,1460.71,159,Normal
M_000117,2020-01-04T11:36:02,STK_002,USR_005,USR_006,215.94,754,Normal
M_000119,2020-01-04T12:29:11,STK_002,USR_004,USR_002,217.67,949,Normal
M_000126,2020-01-04T12:32:22,STK_003,USR_007,USR_003,1464.52,1821,Normal
M_000128,2020-01-04T12:35:11,STK_005,USR_010,USR_001,3814.55,271,Normal
M_000120,2020-01-04T12:42:36,STK_003,USR_009,USR_008,1449.84,951,Normal
M_000124,2020-01-04T12:48:50,STK_005,USR_009,USR_004,3843.44,1099,Normal
M_000127,2020-01-04T13:15:15,STK_002,USR_010,USR_009,215.45,155,Normal
M_000118,2020-01-04T13:54:59,STK_001,USR_003,USR_010,3060.26,573,Normal
M_000122,2020-01-04T14:18:59,STK_001,USR_010,USR_007,3085.23,1076,Normal
M_000129,2020-01-04T14:51:01,STK_004,USR_003,USR_008,1175.07,472,Normal
M_000154,2020-01-05T09:09:25,STK_001,USR_005,USR_004,3076.48,928,Normal
M_000132,2020-01-05T09:10:35,STK_005,USR_001,USR_006,3898.44,559,Normal
M_000149,2020-01-05T09:15:40,STK_004,USR_006,USR_003,1179.47,1098,Normal
M_000164,2020-01-05T09:24:51,STK_001,USR_009,USR_005,3067.51,1528,Normal
M_000135,2020-01-05T10:08:56,STK_004,USR_002,USR_004,1181.32,1052,Normal
M_000137,2020-01-05T10:29:26,STK_003,USR_002,USR_001,1444.64,738,Normal
M_000160,2020-01-05T10:41:06,STK_002,USR_004,USR_008,218.05,666,Normal
M_000152,2020-01-05T10:44:20,STK_001,USR_004,USR_007,3080.75,1100,Normal
M_000159,2020-01-05T10:45:10,STK_003,USR_002,USR_009,1442.45,1660,Normal
M_000162,2020-01-05T10:46:00,STK_003,USR_004,USR_006,1442.38,467,Normal
M_000134,2020-01-05T10:48:52,STK_001,USR_010,USR_003,3062.20,588,Normal
M_000150,2020-01-05T10:55:50,STK_003,USR_005,USR_006,1440.97,672,Normal
M_000155,2020-01-05T11:12:52,STK_003,USR_010,USR_006,1458.55,1069,Normal
M_000147,2020-01-05T11:14:04,STK_001,USR_005,USR_008,3067.99,599,Normal
M_000136,2020-01-05T11:19:56,STK_003,USR_003,USR_002,1431.96,1692,Normal
M_000131,2020-01-05T11:31:57,STK_004,USR_005,USR_002,1173.25,1063,Normal
M_000163,2020-01-05T11:45:04,STK_001,USR_009,USR_003,3079.43,661,Normal
M_000158,2020-01-05T11:47:27,STK_003,USR_004,USR_002,1431.27,1577,Normal
M_000144,2020-01-05T13:11:04,STK_002,USR_007,USR_003,218.02,1602,Normal
M_000148,2020-01-05T13:13:47,STK_005,USR_010,USR_007,3860.92,788,Normal
M_000146,2020-01-05T13:24:03,STK_004,USR_007,USR_005,1172.22,760,Normal
M_000143,2020-01-05T13:27:42,STK_001,USR_007,USR_006,3109.77,1401,Normal
M_000145,2020-01-05T13:44:56,STK_003,USR_010,USR_009,1433.55,1686,Normal
M_000141,2020-01-05T13:50:56,STK_004,USR_006,USR_002,1179.89,1136,Normal
M_000157,2020-01-05T14:00:35,STK_003,USR_006,USR_008,1432.81,654,Normal
M_000156,2020-01-05T14:02:16,STK_005,USR_006,USR_007,3874.49,1627,Normal
M_000153,2020-01-05T14:03:12,STK_002,USR_008,USR_010,219.88,1017,Normal
M_000138,2020-01-05T14:14:27,STK_004,USR_007,USR_004,1184.28,255,Normal
M_000161,2020-01-05T14:21:59,STK_005,USR_010,USR_005,3876.20,305,Normal
M_000139,2020-01-05T14:23:21,STK_002,USR_002,USR_005,217.40,1841,Normal
M_000151,2020-01-05T14:25:34,STK_003,USR_009,USR_001,1444.93,1158,Normal
M_000140,2020-01-05T14:27:54,STK_001,USR_010,USR_001,3095.39,811,Normal
M_000142,2020-01-05T14:53:38,STK_003,USR_001,USR_007,1444.89,1784,Normal
M_000133,2020-01-05T14:55:03,STK_001,USR_001,USR_010,3087.85,606,Normal
M_000187,2020-01-06T09:21:58,STK_002,USR_008,USR_009,215.51,1434,Normal
M_000195,2020-01-06T09:29:36,STK_002,USR_009,USR_006,215.83,1375,Normal
M_000175,2020-01-06T09:40:59,STK_002,USR_001,USR_007,214.85,1022,Normal
M_000174,2020-01-06T09:44:20,STK_002,USR_004,USR_003,217.48,1230,Normal
M_000173,2020-01-06T09:54:11,STK_002,USR_004,USR_005,217.51,1452,Normal
M_000165,2020-01-06T09:56:01,STK_001,USR_010,USR_005,2989.81,1061,Normal
M_000179,2020-01-06T10:02:40,STK_005,USR_004,USR_003,3775.87,1960,Normal
M_000201,2020-01-06T10:04:09,STK_002,USR_008,USR_005,215.55,1142,Normal
M_000170,2020-01-06T10:04:41,STK_005,USR_007,USR_004,3744.65,1688,Normal
M_000182,2020-01-06T10:07:54,STK_004,USR_005,USR_007,1189.22,657,Normal
M_000169,2020-01-06T10:21:28,STK_005,USR_005,USR_002,3767.27,608,Normal
M_000199,2020-01-06T10:26:29,STK_003,USR_009,USR_001,1458.39,1231,Normal
M_000206,2020-01-06T10:40:34.375000,STK_003,USR_010,USR_008,1464.55,8967,Wash_Trade
M_000207,2020-01-06T10:40:34.651000,STK_003,USR_008,USR_010,1460.66,7723,Wash_Trade
M_000208,2020-01-06T10:40:35.033000,STK_003,USR_010,USR_008,1463.90,9451,Wash_Trade
M_000209,2020-01-06T10:40:35.326000,STK_003,USR_008,USR_010,1462.65,8730,Wash_Trade
M_000210,2020-01-06T10:40:35.590000,STK_003,USR_010,USR_008,1464.87,6545,Wash_Trade
M_000211,2020-01-06T10:40:36.047000,STK_003,USR_008,USR_010,1462.46,6956,Wash_Trade
M_000212,2020-01-06T10:40:36.439000,STK_003,USR_010,USR_008,1463.45,8137,Wash_Trade
M_000213,2020-01-06T10:40:36.658000,STK_003,USR_008,USR_010,1464.36,8365,Wash_Trade
M_000178,2020-01-06T11:07:28,STK_003,USR_010,USR_004,1467.38,970,Normal
M_000185,2020-01-06T11:16:44,STK_001,USR_002,USR_004,2982.51,1480,Normal
M_000193,2020-01-06T11:17:50,STK_003,USR_002,USR_007,1468.65,1871,Normal
M_000167,2020-01-06T11:17:53,STK_004,USR_002,USR_010,1177.28,920,Normal
M_000180,2020-01-06T11:25:04,STK_002,USR_002,USR_001,220.51,439,Normal
M_000202,2020-01-06T11:29:19,STK_004,USR_008,USR_010,1183.78,599,Normal
M_000177,2020-01-06T11:37:20,STK_003,USR_008,USR_002,1467.39,1507,Normal
M_000181,2020-01-06T11:47:59,STK_005,USR_010,USR_005,3776.93,999,Normal
M_000190,2020-01-06T12:02:01,STK_003,USR_002,USR_003,1464.22,775,Normal
M_000200,2020-01-06T12:42:49,STK_001,USR_004,USR_002,2997.37,1045,Normal
M_000191,2020-01-06T12:44:48,STK_004,USR_005,USR_007,1196.19,1766,Normal
M_000205,2020-01-06T12:46:36,STK_003,USR_009,USR_005,1479.31,1780,Normal
M_000188,2020-01-06T13:01:30,STK_003,USR_003,USR_007,1461.89,1400,Normal
M_000203,2020-01-06T13:09:27,STK_005,USR_003,USR_007,3767.03,490,Normal
M_000166,2020-01-06T13:21:26,STK_004,USR_006,USR_003,1184.78,205,Normal
M_000198,2020-01-06T13:24:43,STK_001,USR_001,USR_004,2971.12,1553,Normal
M_000189,2020-01-06T13:28:32,STK_001,USR_008,USR_006,2979.97,936,Normal
M_000168,2020-01-06T13:28:33,STK_001,USR_010,USR_001,2989.52,410,Normal
M_000196,2020-01-06T13:32:14,STK_004,USR_001,USR_004,1188.94,646,Normal
M_000183,2020-01-06T13:33:19,STK_005,USR_008,USR_010,3784.14,264,Normal
M_000194,2020-01-06T13:41:02,STK_001,USR_009,USR_008,2963.13,946,Normal
M_000171,2020-01-06T13:45:23,STK_004,USR_008,USR_010,1184.62,708,Normal
M_000197,2020-01-06T13:59:56,STK_002,USR_005,USR_008,216.41,1903,Normal
M_000192,2020-01-06T14:00:25,STK_001,USR_008,USR_002,2959.33,744,Normal
M_000186,2020-01-06T14:14:08,STK_005,USR_001,USR_005,3780.47,1280,Normal
M_000172,2020-01-06T14:21:24,STK_004,USR_005,USR_001,1185.82,1348,Normal
M_000176,2020-01-06T14:24:18,STK_004,USR_005,USR_001,1176.96,574,Normal
M_000184,2020-01-06T14:26:36,STK_001,USR_007,USR_006,2996.95,1336,Normal
M_000204,2020-01-06T14:27:20,STK_005,USR_003,USR_002,3753.91,665,Normal
M_000251,2020-01-07T09:13:40,STK_005,USR_009,USR_006,3680.69,1974,Normal
M_000225,2020-01-07T09:30:38,STK_003,USR_006,USR_010,1459.46,982,Normal
M_000222,2020-01-07T09:37:22,STK_002,USR_005,USR_004,212.49,1629,Normal
M_000220,2020-01-07T09:43:51,STK_003,USR_009,USR_007,1442.79,748,Normal
M_000248,2020-01-07T09:49:19,STK_004,USR_001,USR_005,1180.56,1198,Normal
M_000223,2020-01-07T09:49:21,STK_004,USR_002,USR_010,1167.12,1008,Normal
M_000216,2020-01-07T09:54:48,STK_004,USR_002,USR_009,1163.88,1964,Normal
M_000249,2020-01-07T10:07:29,STK_004,USR_006,USR_005,1164.02,1297,Normal
M_000215,2020-01-07T10:08:56,STK_005,USR_010,USR_006,3724.49,1881,Normal
M_000242,2020-01-07T10:11:46,STK_001,USR_005,USR_006,3041.97,1630,Normal
M_000247,2020-01-07T10:16:52,STK_002,USR_007,USR_009,211.85,849,Normal
M_000226,2020-01-07T10:19:30,STK_002,USR_009,USR_007,210.17,1259,Normal
M_000224,2020-01-07T10:30:51,STK_003,USR_001,USR_010,1457.06,764,Normal
M_000227,2020-01-07T10:38:20,STK_002,USR_003,USR_002,211.09,1348,Normal
M_000230,2020-01-07T11:18:42,STK_004,USR_005,USR_001,1169.79,1940,Normal
M_000219,2020-01-07T11:24:44,STK_003,USR_010,USR_007,1461.34,1430,Normal
M_000245,2020-01-07T11:28:50,STK_002,USR_005,USR_008,210.74,1751,Normal
M_000238,2020-01-07T11:36:18,STK_002,USR_010,USR_006,212.38,548,Normal
M_000246,2020-01-07T11:41:11,STK_003,USR_002,USR_008,1454.66,254,Normal
M_000236,2020-01-07T11:41:14,STK_001,USR_007,USR_005,3060.85,116,Normal
M_000253,2020-01-07T11:45:02,STK_004,USR_002,USR_003,1174.71,192,Normal
M_000250,2020-01-07T12:28:05,STK_003,USR_002,USR_004,1469.34,1065,Normal
M_000214,2020-01-07T12:28:12,STK_004,USR_003,USR_008,1181.61,175,Normal
M_000228,2020-01-07T12:28:55,STK_005,USR_004,USR_008,3656.73,1969,Normal
M_000234,2020-01-07T12:30:05,STK_004,USR_002,USR_004,1168.69,881,Normal
M_000243,2020-01-07T12:46:55,STK_002,USR_004,USR_003,210.52,1710,Normal
M_000233,2020-01-07T12:51:43,STK_003,USR_008,USR_005,1443.44,507,Normal
M_000241,2020-01-07T13:00:44,STK_001,USR_010,USR_006,3045.97,1599,Normal
M_000232,2020-01-07T13:01:14,STK_003,USR_010,USR_005,1465.70,1408,Normal
M_000217,2020-01-07T13:09:32,STK_001,USR_003,USR_007,3052.89,1883,Normal
M_000231,2020-01-07T13:14:05,STK_003,USR_009,USR_003,1444.76,251,Normal
M_000244,2020-01-07T13:54:35,STK_003,USR_009,USR_010,1454.34,1970,Normal
M_000237,2020-01-07T14:09:04,STK_001,USR_010,USR_008,3017.13,1805,Normal
M_000235,2020-01-07T14:12:20,STK_003,USR_010,USR_005,1454.78,1532,Normal
M_000229,2020-01-07T14:18:28,STK_002,USR_004,USR_008,210.07,1406,Normal
M_000252,2020-01-07T14:33:11,STK_002,USR_002,USR_008,210.99,1962,Normal
M_000221,2020-01-07T14:42:18,STK_004,USR_009,USR_001,1168.43,1364,Normal
M_000239,2020-01-07T14:47:40,STK_002,USR_010,USR_005,211.16,1488,Normal
M_000218,2020-01-07T14:57:35,STK_002,USR_002,USR_008,213.39,1700,Normal
M_000240,2020-01-07T15:00:00,STK_002,USR_002,USR_001,210.11,732,Normal
M_000274,2020-01-08T09:17:00,STK_001,USR_008,USR_007,3068.46,973,Normal
M_000276,2020-01-08T09:44:07,STK_003,USR_010,USR_003,1447.93,234,Normal
M_000284,2020-01-08T09:49:49,STK_001,USR_002,USR_007,3088.00,297,Normal
M_000275,2020-01-08T09:58:57,STK_004,USR_008,USR_002,1167.29,1941,Normal
M_000280,2020-01-08T10:02:29,STK_005,USR_004,USR_007,3670.76,1024,Normal
M_000254,2020-01-08T10:03:25,STK_001,USR_004,USR_009,3069.01,377,Normal
M_000277,2020-01-08T10:08:55,STK_003,USR_010,USR_009,1452.72,1558,Normal
M_000294,2020-01-08T10:18:14,STK_005,USR_007,USR_002,3660.71,390,Normal
M_000266,2020-01-08T10:19:01,STK_002,USR_009,USR_005,208.64,1735,Normal
M_000289,2020-01-08T10:24:30,STK_004,USR_004,USR_002,1163.34,817,Normal
M_000269,2020-01-08T10:35:09,STK_003,USR_001,USR_003,1451.74,1619,Normal
M_000267,2020-01-08T10:35:17,STK_001,USR_001,USR_003,3075.55,130,Normal
M_000261,2020-01-08T10:43:39,STK_001,USR_008,USR_002,3043.36,1457,Normal
M_000262,2020-01-08T10:55:50,STK_005,USR_001,USR_010,3662.86,1711,Normal
M_000291,2020-01-08T11:03:30,STK_004,USR_009,USR_010,1159.65,153,Normal
M_000281,2020-01-08T11:04:47,STK_004,USR_006,USR_008,1160.28,916,Normal
M_000265,2020-01-08T11:07:14,STK_003,USR_003,USR_001,1447.63,667,Normal
M_000283,2020-01-08T11:19:12,STK_003,USR_003,USR_008,1441.86,237,Normal
M_000293,2020-01-08T11:48:44,STK_003,USR_006,USR_001,1448.33,471,Normal
M_000288,2020-01-08T11:50:38,STK_003,USR_002,USR_009,1453.51,535,Normal
M_000278,2020-01-08T11:57:35,STK_004,USR_010,USR_009,1157.92,703,Normal
M_000263,2020-01-08T12:02:08,STK_002,USR_003,USR_004,209.30,240,Normal
M_000287,2020-01-08T12:13:06,STK_004,USR_001,USR_005,1166.44,1329,Normal
M_000268,2020-01-08T12:15:38,STK_002,USR_010,USR_006,207.90,132,Normal
M_000259,2020-01-08T12:18:04,STK_001,USR_006,USR_009,3068.45,1946,Normal
M_000258,2020-01-08T12:22:21,STK_002,USR_008,USR_010,208.84,583,Normal
M_000285,2020-01-08T12:23:30,STK_002,USR_009,USR_001,207.47,1301,Normal
M_000255,2020-01-08T12:32:15,STK_004,USR_006,USR_009,1161.79,958,Normal
M_000282,2020-01-08T12:47:11,STK_001,USR_006,USR_007,3065.12,740,Normal
M_000270,2020-01-08T12:49:54,STK_005,USR_002,USR_010,3669.44,1075,Normal
M_000271,2020-01-08T13:04:49,STK_003,USR_009,USR_002,1446.20,1025,Normal
M_000279,2020-01-08T13:07:47,STK_005,USR_010,USR_007,3679.10,303,Normal
M_000257,2020-01-08T13:27:14,STK_005,USR_007,USR_005,3689.67,167,Normal
M_000272,2020-01-08T13:35:09,STK_002,USR_010,USR_001,209.67,1589,Normal
M_000264,2020-01-08T14:02:40,STK_002,USR_010,USR_004,209.16,1765,Normal
M_000290,2020-01-08T14:03:47,STK_003,USR_002,USR_005,1452.33,1275,Normal
M_000286,2020-01-08T14:06:42,STK_005,USR_006,USR_002,3650.85,941,Normal
M_000256,2020-01-08T14:20:45,STK_002,USR_007,USR_002,207.80,1807,Normal
M_000292,2020-01-08T14:32:35,STK_003,USR_001,USR_003,1441.28,659,Normal
M_000260,2020-01-08T14:52:09,STK_003,USR_001,USR_007,1452.34,665,Normal
M_000273,2020-01-08T14:59:50,STK_005,USR_005,USR_008,3688.31,1417,Normal
M_000306,2020-01-09T09:04:13,STK_004,USR_007,USR_003,1154.06,364,Normal
M_000309,2020-01-09T09:10:14,STK_004,USR_002,USR_006,1151.34,1279,Normal
M_000298,2020-01-09T09:28:43,STK_002,USR_003,USR_001,208.16,1480,Normal
M_000304,2020-01-09T09:29:55,STK_001,USR_004,USR_005,3104.43,532,Normal
M_000299,2020-01-09T09:44:33,STK_003,USR_008,USR_007,1420.27,1094,Normal
M_000305,2020-01-09T10:14:56,STK_003,USR_005,USR_006,1422.36,345,Normal
M_000302,2020-01-09T11:34:41,STK_005,USR_008,USR_009,3676.67,1466,Normal
M_000303,2020-01-09T11:48:26,STK_001,USR_004,USR_007,3093.70,1327,Normal
M_000297,2020-01-09T11:57:09,STK_005,USR_010,USR_002,3708.00,1909,Normal
M_000296,2020-01-09T12:06:10,STK_002,USR_006,USR_005,207.05,1577,Normal
M_000308,2020-01-09T12:13:25,STK_001,USR_007,USR_001,3128.99,993,Normal
M_000307,2020-01-09T12:27:38,STK_005,USR_004,USR_009,3730.81,1244,Normal
M_000301,2020-01-09T13:39:48,STK_001,USR_006,USR_007,3119.24,327,Normal
M_000295,2020-01-09T13:49:42,STK_002,USR_007,USR_010,207.32,1029,Normal
M_000300,2020-01-09T14:31:32,STK_004,USR_007,USR_005,1149.55,541,Normal
M_000340,2020-01-10T09:09:57,STK_003,USR_005,USR_003,1419.24,538,Normal
M_000323,2020-01-10T09:30:40,STK_003,USR_009,USR_002,1433.68,735,Normal
M_000334,2020-01-10T09:51:36,STK_005,USR_007,USR_005,3717.59,616,Normal
M_000353,2020-01-10T09:56:01,STK_005,USR_002,USR_005,3727.49,271,Normal
M_000328,2020-01-10T10:22:23,STK_001,USR_008,USR_002,3117.29,1760,Normal
M_000342,2020-01-10T10:24:37,STK_001,USR_005,USR_002,3122.10,1139,Normal
M_000354,2020-01-10T10:27:33,STK_003,USR_008,USR_009,1423.68,401,Normal
M_000351,2020-01-10T10:28:30,STK_002,USR_010,USR_003,202.11,1887,Normal
M_000345,2020-01-10T10:28:36,STK_002,USR_010,USR_003,204.94,1576,Normal
M_000315,2020-01-10T10:31:49,STK_001,USR_009,USR_002,3125.19,1186,Normal
M_000347,2020-01-10T11:09:43,STK_004,USR_010,USR_005,1135.80,1640,Normal
M_000330,2020-01-10T11:15:18,STK_004,USR_008,USR_009,1140.98,1170,Normal
M_000352,2020-01-10T11:16:32,STK_001,USR_008,USR_006,3105.11,1235,Normal
M_000318,2020-01-10T11:19:47,STK_002,USR_003,USR_010,203.75,1656,Normal
M_000350,2020-01-10T11:33:53,STK_004,USR_009,USR_010,1152.70,957,Normal
M_000332,2020-01-10T11:34:29,STK_004,USR_007,USR_006,1142.18,1490,Normal
M_000325,2020-01-10T11:36:46,STK_001,USR_002,USR_009,3147.97,887,Normal
M_000311,2020-01-10T11:57:22,STK_002,USR_010,USR_008,204.27,1803,Normal
M_000341,2020-01-10T12:06:37,STK_004,USR_004,USR_010,1140.47,381,Normal
M_000329,2020-01-10T12:07:33,STK_001,USR_009,USR_003,3148.54,180,Normal
M_000356,2020-01-10T12:10:55,STK_001,USR_007,USR_001,3124.14,911,Normal
M_000312,2020-01-10T12:17:37,STK_001,USR_007,USR_002,3138.31,598,Normal
M_000358,2020-01-10T12:24:45,STK_002,USR_001,USR_006,203.59,302,Normal
M_000337,2020-01-10T12:34:03,STK_002,USR_010,USR_002,204.09,734,Normal
M_000314,2020-01-10T12:36:08,STK_003,USR_006,USR_004,1426.21,782,Normal
M_000310,2020-01-10T12:48:06,STK_003,USR_002,USR_007,1417.46,142,Normal
M_000313,2020-01-10T12:57:56,STK_005,USR_007,USR_009,3725.36,261,Normal
M_000355,2020-01-10T12:58:55,STK_001,USR_004,USR_008,3107.43,1911,Normal
M_000346,2020-01-10T12:59:01,STK_001,USR_007,USR_006,3107.13,1485,Normal
M_000348,2020-01-10T13:05:10,STK_002,USR_009,USR_004,205.12,733,Normal
M_000324,2020-01-10T13:12:10,STK_004,USR_001,USR_010,1151.11,855,Normal
M_000326,2020-01-10T13:12:42,STK_005,USR_009,USR_001,3713.09,1021,Normal
M_000322,2020-01-10T13:16:05,STK_004,USR_005,USR_010,1148.47,1311,Normal
M_000349,2020-01-10T13:16:08,STK_002,USR_006,USR_008,203.62,1045,Normal
M_000357,2020-01-10T13:34:09,STK_003,USR_004,USR_007,1415.75,267,Normal
M_000316,2020-01-10T13:38:30,STK_002,USR_006,USR_010,203.33,1589,Normal
M_000339,2020-01-10T13:47:28,STK_001,USR_007,USR_009,3129.24,841,Normal
M_000343,2020-01-10T13:54:47,STK_005,USR_001,USR_006,3702.79,1894,Normal
M_000338,2020-01-10T14:05:14,STK_004,USR_006,USR_003,1156.36,1472,Normal
M_000320,2020-01-10T14:07:52,STK_005,USR_008,USR_006,3712.98,1869,Normal
M_000327,2020-01-10T14:12:12,STK_002,USR_006,USR_008,204.63,1126,Normal
M_000336,2020-01-10T14:18:15,STK_002,USR_006,USR_005,203.89,1443,Normal
M_000333,2020-01-10T14:26:31,STK_001,USR_006,USR_002,3081.37,775,Normal
M_000331,2020-01-10T14:33:02,STK_002,USR_006,USR_010,202.88,1979,Normal
M_000344,2020-01-10T14:37:31,STK_002,USR_010,USR_007,205.60,415,Normal
M_000321,2020-01-10T14:42:32,STK_003,USR_003,USR_008,1423.52,239,Normal
M_000317,2020-01-10T14:52:29,STK_002,USR_004,USR_002,203.97,399,Normal
M_000359,2020-01-10T14:54:57,STK_003,USR_003,USR_010,1424.21,178,Normal
M_000319,2020-01-10T14:57:59,STK_001,USR_003,USR_008,3115.96,1050,Normal
M_000335,2020-01-10T14:58:34,STK_005,USR_003,USR_006,3713.24,266,Normal
M_000374,2020-01-11T09:24:12,STK_003,USR_009,USR_006,1398.70,1766,Normal
M_000364,2020-01-11T09:26:04,STK_002,USR_007,USR_008,207.86,228,Normal
M_000361,2020-01-11T09:43:16,STK_001,USR_005,USR_004,3134.71,1810,Normal
M_000369,2020-01-11T09:46:45,STK_005,USR_006,USR_002,3841.21,1177,Normal
M_000365,2020-01-11T10:00:32,STK_004,USR_010,USR_009,1110.84,133,Normal
M_000363,2020-01-11T10:00:43,STK_003,USR_004,USR_005,1392.14,349,Normal
M_000367,2020-01-11T10:18:24,STK_003,USR_007,USR_001,1403.55,1359,Normal
M_000362,2020-01-11T10:21:39,STK_005,USR_010,USR_009,3852.29,966,Normal
M_000376,2020-01-11T10:39:32,STK_002,USR_002,USR_008,205.42,175,Normal
M_000373,2020-01-11T11:11:41,STK_001,USR_010,USR_006,3157.28,373,Normal
M_000372,2020-01-11T11:18:31,STK_001,USR_006,USR_002,3131.30,806,Normal
M_000377,2020-01-11T11:40:15,STK_002,USR_001,USR_004,204.53,1914,Normal
M_000368,2020-01-11T12:12:41,STK_002,USR_010,USR_007,206.38,483,Normal
M_000378,2020-01-11T12:28:17.229000,STK_003,USR_009,USR_007,1390.96,5299,Wash_Trade
M_000379,2020-01-11T12:28:17.714000,STK_003,USR_007,USR_009,1392.33,6565,Wash_Trade
M_000380,2020-01-11T12:28:17.960000,STK_003,USR_009,USR_007,1393.42,7924,Wash_Trade
M_000381,2020-01-11T12:28:18.459000,STK_003,USR_007,USR_009,1391.44,5391,Wash_Trade
M_000382,2020-01-11T12:28:18.894000,STK_003,USR_009,USR_007,1393.60,7719,Wash_Trade
M_000383,2020-01-11T12:28:19.133000,STK_003,USR_007,USR_009,1389.41,6019,Wash_Trade
M_000384,2020-01-11T12:28:19.421000,STK_003,USR_009,USR_007,1388.96,8579,Wash_Trade
M_000385,2020-01-11T12:28:19.725000,STK_003,USR_007,USR_009,1391.26,8602,Wash_Trade
M_000371,2020-01-11T12:33:14,STK_004,USR_001,USR_007,1118.06,864,Normal
M_000360,2020-01-11T13:16:11,STK_004,USR_010,USR_001,1112.31,1955,Normal
M_000370,2020-01-11T13:57:08,STK_005,USR_009,USR_010,3834.97,141,Normal
M_000366,2020-01-11T14:45:07,STK_005,USR_010,USR_004,3862.03,1571,Normal
M_000375,2020-01-11T14:51:03,STK_002,USR_008,USR_010,204.82,1393,Normal
M_000400,2020-01-12T09:14:09,STK_002,USR_008,USR_009,205.27,892,Normal
M_000416,2020-01-12T09:30:15,STK_001,USR_009,USR_003,3166.70,722,Normal
M_000393,2020-01-12T09:31:19,STK_001,USR_007,USR_006,3155.03,1150,Normal
M_000404,2020-01-12T09:40:26,STK_004,USR_003,USR_008,1109.67,279,Normal
M_000398,2020-01-12T09:41:59,STK_005,USR_003,USR_009,3703.64,851,Normal
M_000395,2020-01-12T10:08:56,STK_001,USR_004,USR_006,3162.25,841,Normal
M_000408,2020-01-12T10:15:50,STK_002,USR_008,USR_001,207.28,839,Normal
M_000394,2020-01-12T10:27:22,STK_001,USR_003,USR_008,3178.64,171,Normal
M_000417,2020-01-12T10:29:55,STK_002,USR_006,USR_004,207.10,808,Normal
M_000406,2020-01-12T11:38:34,STK_003,USR_003,USR_010,1332.33,1725,Normal
M_000390,2020-01-12T11:41:27,STK_003,USR_008,USR_007,1326.74,441,Normal
M_000411,2020-01-12T11:48:54,STK_004,USR_008,USR_009,1106.96,941,Normal
M_000405,2020-01-12T11:54:32,STK_003,USR_002,USR_009,1333.06,1210,Normal
M_000389,2020-01-12T11:55:25,STK_001,USR_002,USR_006,3162.51,1453,Normal
M_000386,2020-01-12T12:05:09,STK_002,USR_008,USR_010,207.19,852,Normal
M_000392,2020-01-12T12:12:32,STK_005,USR_007,USR_005,3740.69,1409,Normal
M_000407,2020-01-12T12:17:25,STK_005,USR_004,USR_002,3734.34,511,Normal
M_000396,2020-01-12T12:29:05,STK_005,USR_001,USR_003,3708.15,1490,Normal
M_000399,2020-01-12T12:37:22,STK_003,USR_005,USR_004,1330.11,332,Normal
M_000412,2020-01-12T12:43:36,STK_005,USR_002,USR_003,3680.06,749,Normal
M_000388,2020-01-12T12:55:10,STK_005,USR_003,USR_009,3705.41,701,Normal
M_000391,2020-01-12T13:02:25,STK_003,USR_008,USR_001,1333.39,1588,Normal
M_000402,2020-01-12T13:03:43,STK_002,USR_010,USR_005,206.54,1521,Normal
M_000397,2020-01-12T13:05:43,STK_003,USR_006,USR_008,1333.09,1662,Normal
M_000403,2020-01-12T13:28:15,STK_002,USR_002,USR_003,205.78,1846,Normal
M_000414,2020-01-12T13:42:32,STK_003,USR_003,USR_009,1342.92,1410,Normal
M_000418,2020-01-12T13:43:23,STK_003,USR_002,USR_005,1335.88,502,Normal
M_000387,2020-01-12T13:43:35,STK_003,USR_002,USR_007,1336.25,261,Normal
M_000410,2020-01-12T14:01:16,STK_002,USR_010,USR_002,205.91,234,Normal
M_000409,2020-01-12T14:02:34,STK_005,USR_006,USR_008,3713.03,1745,Normal
M_000401,2020-01-12T14:06:44,STK_001,USR_005,USR_010,3201.80,1541,Normal
M_000415,2020-01-12T14:21:00,STK_002,USR_003,USR_007,208.20,1129,Normal
M_000419,2020-01-12T14:46:49,STK_005,USR_005,USR_003,3780.22,1380,Normal
M_000413,2020-01-12T14:50:48,STK_001,USR_008,USR_010,3146.63,1492,Normal
M_000459,2020-01-13T09:10:20,STK_004,USR_006,USR_007,1075.93,410,Normal
M_000442,2020-01-13T09:27:56,STK_005,USR_009,USR_004,3726.99,842,Normal
M_000456,2020-01-13T09:28:02,STK_005,USR_008,USR_003,3706.86,1173,Normal
M_000427,2020-01-13T09:32:43,STK_002,USR_008,USR_007,207.50,1091,Normal
M_000445,2020-01-13T09:52:48,STK_004,USR_006,USR_010,1068.41,1242,Normal
M_000440,2020-01-13T09:58:42,STK_004,USR_003,USR_005,1069.38,1589,Normal
M_000435,2020-01-13T10:27:01,STK_004,USR_009,USR_008,1065.45,1121,Normal
M_000434,2020-01-13T10:27:13,STK_003,USR_010,USR_006,1302.59,488,Normal
M_000431,2020-01-13T11:12:01,STK_004,USR_002,USR_005,1075.76,1020,Normal
M_000458,2020-01-13T11:12:16,STK_001,USR_010,USR_002,3230.91,490,Normal
M_000426,2020-01-13T11:13:44,STK_004,USR_005,USR_008,1072.83,249,Normal
M_000432,2020-01-13T11:15:23,STK_002,USR_002,USR_001,204.91,694,Normal
M_000436,2020-01-13T11:48:30,STK_004,USR_001,USR_002,1077.84,905,Normal
M_000450,2020-01-13T11:53:57,STK_002,USR_007,USR_005,205.38,1315,Normal
M_000429,2020-01-13T11:54:23,STK_003,USR_007,USR_003,1302.68,1657,Normal
M_000453,2020-01-13T12:00:54,STK_001,USR_007,USR_005,3225.80,1731,Normal
M_000448,2020-01-13T12:01:53,STK_004,USR_009,USR_008,1071.59,405,Normal
M_000451,2020-01-13T12:03:42,STK_005,USR_009,USR_010,3752.18,1103,Normal
M_000438,2020-01-13T12:12:43,STK_001,USR_001,USR_005,3218.98,1113,Normal
M_000446,2020-01-13T12:19:40,STK_002,USR_004,USR_009,206.25,922,Normal
M_000441,2020-01-13T12:19:45,STK_004,USR_006,USR_001,1070.26,920,Normal
M_000430,2020-01-13T12:22:21,STK_005,USR_009,USR_002,3766.53,753,Normal
M_000433,2020-01-13T12:29:47,STK_005,USR_007,USR_004,3734.50,1872,Normal
M_000460,2020-01-13T12:45:31,STK_002,USR_007,USR_009,205.19,1687,Normal
M_000444,2020-01-13T13:05:57,STK_005,USR_005,USR_002,3738.96,363,Normal
M_000428,2020-01-13T13:13:38,STK_002,USR_006,USR_003,206.05,740,Normal
M_000447,2020-01-13T13:33:06,STK_001,USR_001,USR_010,3240.83,380,Normal
M_000437,2020-01-13T13:36:02,STK_004,USR_004,USR_010,1083.11,1294,Normal
M_000443,2020-01-13T14:02:08,STK_003,USR_002,USR_007,1302.66,1132,Normal
M_000452,2020-01-13T14:07:25,STK_003,USR_008,USR_001,1311.59,854,Normal
M_000422,2020-01-13T14:07:48,STK_001,USR_001,USR_002,3231.17,193,Normal
M_000424,2020-01-13T14:12:27,STK_004,USR_010,USR_001,1081.92,1119,Normal
M_000439,2020-01-13T14:26:19,STK_004,USR_005,USR_009,1075.89,116,Normal
M_000449,2020-01-13T14:31:05,STK_005,USR_003,USR_006,3721.09,1355,Normal
M_000461,2020-01-13T14:33:56,STK_004,USR_001,USR_003,1063.19,1162,Normal
M_000425,2020-01-13T14:42:30,STK_005,USR_005,USR_010,3754.54,1089,Normal
M_000457,2020-01-13T14:43:31,STK_005,USR_007,USR_003,3748.21,1782,Normal
M_000454,2020-01-13T14:43:39,STK_001,USR_010,USR_008,3243.26,643,Normal
M_000420,2020-01-13T14:50:03,STK_002,USR_010,USR_003,205.20,450,Normal
M_000423,2020-01-13T14:50:19,STK_005,USR_005,USR_004,3717.84,1670,Normal
M_000455,2020-01-13T14:58:02,STK_005,USR_010,USR_004,3752.10,1577,Normal
M_000421,2020-01-13T14:59:45,STK_005,USR_010,USR_006,3711.48,1825,Normal
M_000481,2020-01-14T09:19:50,STK_004,USR_008,USR_003,1053.92,1633,Normal
M_000480,2020-01-14T09:20:22,STK_002,USR_007,USR_003,205.55,1983,Normal
M_000474,2020-01-14T09:27:43,STK_005,USR_004,USR_010,3813.09,207,Normal
M_000490,2020-01-14T09:47:22,STK_004,USR_002,USR_003,1051.25,387,Normal
M_000479,2020-01-14T09:48:51,STK_005,USR_004,USR_009,3792.82,1612,Normal
M_000475,2020-01-14T09:54:43,STK_004,USR_006,USR_008,1040.45,305,Normal
M_000473,2020-01-14T09:59:39,STK_005,USR_010,USR_004,3795.83,596,Normal
M_000486,2020-01-14T10:01:31,STK_003,USR_003,USR_008,1312.40,1427,Normal
M_000495,2020-01-14T10:04:33,STK_004,USR_005,USR_003,1059.79,930,Normal
M_000468,2020-01-14T10:06:33,STK_005,USR_009,USR_007,3778.52,1934,Normal
M_000485,2020-01-14T10:13:17,STK_005,USR_008,USR_005,3792.19,494,Normal
M_000476,2020-01-14T10:15:04,STK_001,USR_009,USR_003,3123.63,933,Normal
M_000498,2020-01-14T10:23:39,STK_004,USR_010,USR_006,1048.16,951,Normal
M_000465,2020-01-14T11:14:37,STK_003,USR_009,USR_005,1310.82,560,Normal
M_000500,2020-01-14T11:15:08,STK_005,USR_002,USR_009,3779.15,1014,Normal
M_000471,2020-01-14T11:20:03,STK_004,USR_004,USR_010,1057.87,1795,Normal
M_000487,2020-01-14T11:20:30,STK_002,USR_001,USR_006,205.67,1719,Normal
M_000478,2020-01-14T11:36:52,STK_003,USR_005,USR_001,1313.78,1959,Normal
M_000470,2020-01-14T11:37:05,STK_001,USR_006,USR_008,3127.08,1443,Normal
M_000482,2020-01-14T11:38:05,STK_001,USR_001,USR_005,3133.69,1263,Normal
M_000488,2020-01-14T11:41:07,STK_005,USR_004,USR_003,3777.61,1351,Normal
M_000466,2020-01-14T11:42:32,STK_003,USR_004,USR_008,1315.42,749,Normal
M_000493,2020-01-14T11:44:54,STK_005,USR_010,USR_001,3802.29,635,Normal
M_000492,2020-01-14T12:29:28,STK_002,USR_008,USR_005,208.31,775,Normal
M_000469,2020-01-14T12:35:28,STK_003,USR_003,USR_005,1321.73,186,Normal
M_000491,2020-01-14T13:20:45,STK_003,USR_004,USR_001,1317.02,634,Normal
M_000467,2020-01-14T13:22:02,STK_003,USR_009,USR_005,1309.45,689,Normal
M_000496,2020-01-14T13:34:26,STK_003,USR_002,USR_005,1312.43,852,Normal
M_000462,2020-01-14T13:46:58,STK_004,USR_006,USR_003,1044.71,1041,Normal
M_000501,2020-01-14T13:48:27,STK_003,USR_002,USR_010,1315.23,226,Normal
M_000463,2020-01-14T13:51:09,STK_003,USR_009,USR_006,1314.68,1484,Normal
M_000472,2020-01-14T13:54:08,STK_003,USR_009,USR_005,1307.68,381,Normal
M_000499,2020-01-14T13:59:57,STK_004,USR_009,USR_004,1043.61,1660,Normal
M_000483,2020-01-14T14:29:11,STK_001,USR_006,USR_005,3154.44,1030,Normal
M_000497,2020-01-14T14:35:40,STK_002,USR_004,USR_003,204.07,1079,Normal
M_000489,2020-01-14T14:48:49,STK_004,USR_007,USR_009,1055.54,771,Normal
M_000484,2020-01-14T14:50:14,STK_005,USR_009,USR_008,3790.62,1921,Normal
M_000464,2020-01-14T14:51:19,STK_003,USR_010,USR_008,1307.15,493,Normal
M_000477,2020-01-14T14:56:33,STK_004,USR_008,USR_004,1056.50,1648,Normal
M_000494,2020-01-14T14:56:59,STK_003,USR_004,USR_001,1312.97,1467,Normal
M_000508,2020-01-15T09:01:38,STK_002,USR_010,USR_002,208.18,192,Normal
M_000505,2020-01-15T09:30:23,STK_004,USR_003,USR_009,1077.06,950,Normal
M_000523,2020-01-15T09:30:49,STK_002,USR_009,USR_005,206.51,579,Normal
M_000520,2020-01-15T09:36:44,STK_001,USR_010,USR_001,3258.10,1014,Normal
M_000510,2020-01-15T09:37:41,STK_004,USR_001,USR_005,1071.91,937,Normal
M_000511,2020-01-15T10:38:17,STK_002,USR_007,USR_006,207.78,1925,Normal
M_000515,2020-01-15T11:01:37,STK_001,USR_001,USR_005,3227.41,1048,Normal
M_000517,2020-01-15T11:05:25,STK_002,USR_008,USR_006,207.02,417,Normal
M_000518,2020-01-15T11:30:32,STK_002,USR_002,USR_001,208.02,1757,Normal
M_000507,2020-01-15T11:48:18,STK_001,USR_007,USR_005,3234.55,1772,Normal
M_000512,2020-01-15T12:28:53,STK_004,USR_007,USR_010,1068.48,264,Normal
M_000519,2020-01-15T12:48:57,STK_005,USR_001,USR_004,3624.42,522,Normal
M_000509,2020-01-15T12:51:23,STK_003,USR_002,USR_009,1324.21,223,Normal
M_000522,2020-01-15T12:59:43,STK_002,USR_009,USR_004,207.24,1644,Normal
M_000506,2020-01-15T13:09:28,STK_005,USR_001,USR_009,3624.51,1046,Normal
M_000503,2020-01-15T13:44:10,STK_004,USR_002,USR_004,1075.07,1568,Normal
M_000514,2020-01-15T13:53:24,STK_004,USR_009,USR_003,1075.39,1590,Normal
M_000513,2020-01-15T13:54:31,STK_002,USR_006,USR_002,206.64,465,Normal
M_000516,2020-01-15T13:57:20,STK_004,USR_009,USR_007,1071.32,1786,Normal
M_000502,2020-01-15T14:12:46,STK_005,USR_003,USR_010,3622.64,771,Normal
M_000504,2020-01-15T14:18:28,STK_004,USR_002,USR_009,1063.02,1012,Normal
M_000521,2020-01-15T14:26:28,STK_001,USR_004,USR_001,3233.01,923,Normal
M_000539,2020-01-16T09:08:22,STK_002,USR_004,USR_002,209.59,1629,Normal
M_000532,2020-01-16T09:31:28,STK_005,USR_007,USR_010,3680.29,1241,Normal
M_000537,2020-01-16T09:39:44,STK_002,USR_010,USR_009,209.20,544,Normal
M_000553,2020-01-16T09:40:35,STK_001,USR_001,USR_007,3209.94,381,Normal
M_000525,2020-01-16T10:18:14,STK_005,USR_004,USR_007,3688.92,715,Normal
M_000546,2020-01-16T10:19:41,STK_001,USR_005,USR_009,3204.27,1296,Normal
M_000530,2020-01-16T10:40:25,STK_005,USR_008,USR_004,3708.85,1839,Normal
M_000552,2020-01-16T10:40:30,STK_005,USR_001,USR_009,3709.47,169,Normal
M_000534,2020-01-16T10:51:02,STK_003,USR_002,USR_008,1321.69,1834,Normal
M_000531,2020-01-16T11:03:04,STK_003,USR_003,USR_008,1333.52,1973,Normal
M_000541,2020-01-16T11:10:42,STK_005,USR_006,USR_005,3666.76,879,Normal
M_000536,2020-01-16T11:26:36,STK_004,USR_010,USR_001,1051.87,1889,Normal
M_000526,2020-01-16T11:30:16,STK_001,USR_009,USR_003,3242.62,1382,Normal
M_000548,2020-01-16T12:00:09,STK_002,USR_007,USR_004,208.96,1122,Normal
M_000551,2020-01-16T12:12:20,STK_002,USR_003,USR_009,207.32,1100,Normal
M_000543,2020-01-16T12:16:24,STK_005,USR_008,USR_010,3715.95,301,Normal
M_000535,2020-01-16T12:22:39,STK_001,USR_009,USR_004,3251.76,205,Normal
M_000545,2020-01-16T12:46:03,STK_001,USR_010,USR_004,3238.07,1618,Normal
M_000529,2020-01-16T12:47:22,STK_004,USR_003,USR_005,1041.84,870,Normal
M_000527,2020-01-16T12:53:18,STK_005,USR_008,USR_001,3667.07,805,Normal
M_000542,2020-01-16T13:14:38,STK_005,USR_006,USR_005,3689.99,635,Normal
M_000544,2020-01-16T13:16:24,STK_003,USR_004,USR_006,1338.11,740,Normal
M_000540,2020-01-16T13:21:33,STK_002,USR_010,USR_004,209.32,912,Normal
M_000538,2020-01-16T13:21:48,STK_002,USR_006,USR_005,209.85,1961,Normal
M_000533,2020-01-16T13:49:26,STK_002,USR_007,USR_004,209.38,622,Normal
M_000549,2020-01-16T14:00:43,STK_003,USR_005,USR_008,1329.54,1581,Normal
M_000524,2020-01-16T14:15:22,STK_005,USR_006,USR_004,3706.27,718,Normal
M_000547,2020-01-16T14:16:17,STK_004,USR_005,USR_003,1045.99,501,Normal
M_000550,2020-01-16T14:50:27,STK_004,USR_008,USR_003,1056.94,1600,Normal
M_000528,2020-01-16T14:51:20,STK_004,USR_009,USR_006,1044.65,1526,Normal
M_000554,2020-01-17T09:04:59,STK_002,USR_009,USR_008,203.53,864,Normal
M_000565,2020-01-17T09:30:38,STK_001,USR_003,USR_002,3196.14,1123,Normal
M_000555,2020-01-17T09:33:00,STK_005,USR_010,USR_008,3662.84,1450,Normal
M_000569,2020-01-17T09:40:36,STK_003,USR_009,USR_001,1278.07,467,Normal
M_000560,2020-01-17T10:21:19,STK_002,USR_004,USR_009,204.60,616,Normal
M_000563,2020-01-17T11:03:20,STK_003,USR_002,USR_001,1284.83,291,Normal
M_000572,2020-01-17T11:11:19,STK_005,USR_007,USR_009,3686.97,779,Normal
M_000558,2020-01-17T11:30:02,STK_005,USR_005,USR_001,3681.93,1128,Normal
M_000570,2020-01-17T11:51:45,STK_001,USR_004,USR_003,3226.03,1640,Normal
M_000561,2020-01-17T12:13:34,STK_003,USR_007,USR_002,1283.43,864,Normal
M_000571,2020-01-17T12:37:31,STK_001,USR_005,USR_003,3185.99,1254,Normal
M_000564,2020-01-17T12:41:20,STK_004,USR_007,USR_009,1067.26,1074,Normal
M_000562,2020-01-17T12:41:44,STK_004,USR_010,USR_004,1054.09,1527,Normal
M_000557,2020-01-17T12:44:38,STK_001,USR_001,USR_009,3211.63,1579,Normal
M_000559,2020-01-17T12:55:09,STK_002,USR_002,USR_010,203.31,1173,Normal
M_000566,2020-01-17T12:56:58,STK_003,USR_010,USR_002,1297.06,1932,Normal
M_000556,2020-01-17T13:26:26,STK_001,USR_001,USR_009,3179.70,1229,Normal
M_000567,2020-01-17T13:48:26,STK_001,USR_004,USR_010,3202.99,1945,Normal
M_000568,2020-01-17T14:09:32,STK_004,USR_005,USR_001,1067.06,1992,Normal
M_000581,2020-01-18T09:02:50,STK_003,USR_008,USR_006,1289.45,1659,Normal
M_000587,2020-01-18T09:46:15,STK_005,USR_004,USR_009,3626.14,447,Normal
M_000577,2020-01-18T10:41:26,STK_005,USR_007,USR_002,3641.74,1681,Normal
M_000576,2020-01-18T11:04:35,STK_003,USR_009,USR_007,1282.15,984,Normal
M_000574,2020-01-18T11:06:46,STK_001,USR_006,USR_007,3174.86,1684,Normal
M_000579,2020-01-18T11:26:20,STK_002,USR_007,USR_003,202.94,1614,Normal
M_000582,2020-01-18T11:27:19,STK_001,USR_003,USR_002,3150.51,483,Normal
M_000575,2020-01-18T11:58:14,STK_001,USR_005,USR_008,3172.17,1104,Normal
M_000586,2020-01-18T12:30:23,STK_001,USR_005,USR_007,3171.13,894,Normal
M_000580,2020-01-18T12:32:47,STK_003,USR_006,USR_002,1288.46,287,Normal
M_000584,2020-01-18T12:42:50,STK_001,USR_001,USR_002,3177.60,824,Normal
M_000583,2020-01-18T12:55:22,STK_004,USR_009,USR_010,1054.43,1149,Normal
M_000573,2020-01-18T13:33:29,STK_003,USR_001,USR_002,1281.26,995,Normal
M_000585,2020-01-18T14:02:40,STK_001,USR_010,USR_006,3161.11,1868,Normal
M_000578,2020-01-18T14:37:50,STK_003,USR_004,USR_002,1291.11,268,Normal
M_000609,2020-01-19T09:05:45,STK_001,USR_005,USR_004,3271.88,1145,Normal
M_000592,2020-01-19T09:58:25,STK_002,USR_005,USR_001,209.26,910,Normal
M_000603,2020-01-19T10:24:10,STK_004,USR_007,USR_002,1064.78,1019,Normal
M_000589,2020-01-19T10:31:19,STK_004,USR_005,USR_007,1074.10,713,Normal
M_000596,2020-01-19T10:37:00,STK_004,USR_006,USR_005,1069.55,1605,Normal
M_000607,2020-01-19T11:15:34,STK_003,USR_003,USR_001,1320.95,1253,Normal
M_000601,2020-01-19T11:39:06,STK_001,USR_007,USR_008,3289.98,385,Normal
M_000588,2020-01-19T11:44:27,STK_003,USR_008,USR_003,1310.61,229,Normal
M_000614,2020-01-19T11:50:20,STK_003,USR_008,USR_004,1300.38,1167,Normal
M_000595,2020-01-19T11:55:07,STK_005,USR_004,USR_008,3571.97,743,Normal
M_000593,2020-01-19T12:01:26,STK_005,USR_007,USR_006,3557.37,1001,Normal
M_000594,2020-01-19T12:02:48,STK_004,USR_010,USR_003,1075.29,715,Normal
M_000612,2020-01-19T12:08:23,STK_001,USR_008,USR_002,3273.99,705,Normal
M_000606,2020-01-19T12:16:21,STK_005,USR_010,USR_002,3554.73,323,Normal
M_000611,2020-01-19T12:24:19,STK_004,USR_008,USR_009,1074.73,408,Normal
M_000598,2020-01-19T12:25:22,STK_003,USR_007,USR_006,1306.95,333,Normal
M_000613,2020-01-19T12:47:10,STK_001,USR_002,USR_003,3323.99,813,Normal
M_000590,2020-01-19T13:24:27,STK_001,USR_006,USR_005,3274.95,605,Normal
M_000605,2020-01-19T13:36:40,STK_004,USR_009,USR_001,1070.49,1719,Normal
M_000610,2020-01-19T13:43:19,STK_005,USR_010,USR_004,3536.31,1012,Normal
M_000600,2020-01-19T14:00:25,STK_001,USR_008,USR_004,3304.85,997,Normal
M_000599,2020-01-19T14:07:56,STK_002,USR_010,USR_009,210.16,468,Normal
M_000604,2020-01-19T14:26:33,STK_004,USR_010,USR_007,1076.43,1194,Normal
M_000591,2020-01-19T14:41:21,STK_004,USR_010,USR_004,1075.30,1037,Normal
M_000597,2020-01-19T14:45:38,STK_004,USR_010,USR_004,1077.69,767,Normal
M_000602,2020-01-19T14:45:53,STK_003,USR_004,USR_005,1316.20,1448,Normal
M_000608,2020-01-19T14:52:16,STK_004,USR_006,USR_007,1067.71,316,Normal
M_000622,2020-01-20T09:02:25,STK_002,USR_004,USR_005,208.60,1640,Normal
M_000639,2020-01-20T09:16:51,STK_002,USR_005,USR_001,212.15,662,Normal
M_000623,2020-01-20T09:34:10,STK_005,USR_002,USR_009,3568.28,482,Normal
M_000642,2020-01-20T10:01:49,STK_005,USR_002,USR_005,3569.52,1687,Normal
M_000616,2020-01-20T10:02:51,STK_001,USR_006,USR_002,3425.68,1486,Normal
M_000630,2020-01-20T10:03:52,STK_002,USR_006,USR_003,209.58,1146,Normal
M_000647,2020-01-20T10:04:06,STK_002,USR_004,USR_006,210.60,1863,Normal
M_000629,2020-01-20T10:13:09,STK_003,USR_002,USR_004,1307.98,725,Normal
M_000618,2020-01-20T10:27:27,STK_003,USR_009,USR_007,1312.50,1046,Normal
M_000617,2020-01-20T10:29:45,STK_002,USR_009,USR_003,210.52,1230,Normal
M_000649,2020-01-20T10:52:50,STK_002,USR_001,USR_006,209.76,1190,Normal
M_000640,2020-01-20T11:02:47,STK_005,USR_005,USR_003,3610.72,1698,Normal
M_000619,2020-01-20T11:06:37,STK_004,USR_003,USR_010,1057.88,1411,Normal
M_000625,2020-01-20T11:23:16,STK_004,USR_009,USR_006,1060.71,1322,Normal
M_000646,2020-01-20T11:23:31,STK_003,USR_002,USR_008,1306.76,1872,Normal
M_000650,2020-01-20T11:33:30,STK_005,USR_009,USR_003,3567.23,762,Normal
M_000634,2020-01-20T11:37:44,STK_002,USR_003,USR_006,208.61,1824,Normal
M_000651,2020-01-20T11:39:49,STK_003,USR_010,USR_005,1305.46,1857,Normal
M_000628,2020-01-20T11:42:26,STK_005,USR_010,USR_002,3598.74,1476,Normal
M_000627,2020-01-20T12:12:13,STK_004,USR_010,USR_003,1059.90,1766,Normal
M_000624,2020-01-20T12:19:46,STK_003,USR_004,USR_008,1316.39,333,Normal
M_000632,2020-01-20T12:29:33,STK_004,USR_003,USR_008,1054.62,1401,Normal
M_000631,2020-01-20T12:32:09,STK_004,USR_010,USR_003,1060.84,1277,Normal
M_000626,2020-01-20T12:32:14,STK_005,USR_007,USR_002,3589.20,812,Normal
M_000644,2020-01-20T13:01:02,STK_005,USR_004,USR_007,3592.97,309,Normal
M_000638,2020-01-20T13:02:24,STK_004,USR_003,USR_002,1065.01,1257,Normal
M_000635,2020-01-20T13:06:18,STK_005,USR_001,USR_006,3610.99,119,Normal
M_000615,2020-01-20T13:07:05,STK_003,USR_002,USR_005,1311.27,191,Normal
M_000641,2020-01-20T13:09:45,STK_005,USR_008,USR_009,3559.43,1146,Normal
M_000636,2020-01-20T13:24:39,STK_002,USR_004,USR_007,210.90,1250,Normal
M_000637,2020-01-20T13:36:02,STK_004,USR_007,USR_008,1061.16,951,Normal
M_000652,2020-01-20T13:40:56,STK_001,USR_003,USR_007,3383.86,1981,Normal
M_000633,2020-01-20T13:53:28,STK_002,USR_009,USR_003,210.83,1102,Normal
M_000643,2020-01-20T13:56:36,STK_003,USR_009,USR_001,1307.42,1656,Normal
M_000648,2020-01-20T14:33:17,STK_004,USR_003,USR_010,1055.80,1707,Normal
M_000621,2020-01-20T14:35:23,STK_002,USR_008,USR_007,210.72,896,Normal
M_000645,2020-01-20T14:56:59,STK_002,USR_005,USR_001,210.94,1021,Normal
M_000620,2020-01-20T14:58:58,STK_004,USR_007,USR_001,1059.50,1610,Normal
M_000656,2020-01-21T09:41:14,STK_001,USR_007,USR_009,3330.77,1635,Normal
M_000669,2020-01-21T09:51:58,STK_001,USR_004,USR_008,3356.63,259,Normal
M_000653,2020-01-21T10:12:28,STK_002,USR_003,USR_006,215.03,1796,Normal
M_000670,2020-01-21T10:12:28,STK_005,USR_004,USR_009,3639.22,1492,Normal
M_000664,2020-01-21T10:26:16,STK_004,USR_008,USR_001,1112.10,976,Normal
M_000665,2020-01-21T10:50:29,STK_002,USR_005,USR_003,216.78,1890,Normal
M_000671,2020-01-21T11:04:00,STK_003,USR_002,USR_004,1350.94,6913,Pump_Phase
M_000672,2020-01-21T11:05:00,STK_003,USR_002,USR_005,1418.49,6138,Pump_Phase
M_000673,2020-01-21T11:06:00,STK_003,USR_002,USR_003,1489.42,3845,Pump_Phase
M_000674,2020-01-21T11:09:00,STK_003,USR_002,USR_007,1563.89,5451,Pump_Phase
M_000675,2020-01-21T11:11:00,STK_003,USR_002,USR_008,1642.08,4090,Pump_Phase
M_000654,2020-01-21T11:15:11,STK_004,USR_008,USR_003,1110.81,1282,Normal
M_000666,2020-01-21T11:29:39,STK_001,USR_006,USR_005,3352.21,268,Normal
M_000657,2020-01-21T11:31:56,STK_003,USR_008,USR_010,1287.40,770,Normal
M_000661,2020-01-21T11:34:52,STK_003,USR_009,USR_003,1282.09,1259,Normal
M_000676,2020-01-21T11:41:53,STK_003,USR_004,USR_002,1477.87,3560,Dump_Phase
M_000677,2020-01-21T11:42:36,STK_003,USR_001,USR_002,1330.09,7999,Dump_Phase
M_000678,2020-01-21T11:43:27,STK_003,USR_004,USR_002,1197.08,6605,Dump_Phase
M_000679,2020-01-21T11:43:59,STK_003,USR_005,USR_002,1077.37,4240,Dump_Phase
M_000680,2020-01-21T11:44:35,STK_003,USR_009,USR_002,969.63,4779,Dump_Phase
M_000668,2020-01-21T11:46:50,STK_002,USR_007,USR_002,215.51,1541,Normal
M_000659,2020-01-21T12:15:38,STK_001,USR_009,USR_007,3338.78,546,Normal
M_000667,2020-01-21T12:23:04,STK_002,USR_001,USR_007,214.23,1381,Normal
M_000660,2020-01-21T12:54:38,STK_002,USR_008,USR_005,216.07,761,Normal
M_000662,2020-01-21T13:25:03,STK_003,USR_001,USR_010,1286.39,303,Normal
M_000658,2020-01-21T14:17:49,STK_001,USR_002,USR_008,3383.15,1400,Normal
M_000663,2020-01-21T14:41:58,STK_004,USR_001,USR_002,1125.48,1856,Normal
M_000655,2020-01-21T14:45:22,STK_003,USR_007,USR_010,1291.12,1025,Normal
M_000689,2020-01-22T09:06:35,STK_003,USR_006,USR_003,964.49,892,Normal
M_000687,2020-01-22T09:29:48,STK_002,USR_008,USR_007,212.59,330,Normal
M_000693,2020-01-22T09:33:01,STK_004,USR_009,USR_005,1115.45,1387,Normal
M_000692,2020-01-22T09:36:52,STK_001,USR_005,USR_004,3238.84,181,Normal
M_000681,2020-01-22T09:54:52,STK_002,USR_002,USR_007,211.90,819,Normal
M_000691,2020-01-22T10:34:21,STK_004,USR_002,USR_001,1116.33,1302,Normal
M_000688,2020-01-22T11:11:39,STK_004,USR_010,USR_002,1116.50,1181,Normal
M_000682,2020-01-22T12:54:30,STK_003,USR_003,USR_004,958.39,667,Normal
M_000694,2020-01-22T13:33:38,STK_004,USR_007,USR_010,1106.83,268,Normal
M_000686,2020-01-22T13:38:16,STK_002,USR_007,USR_005,212.85,1423,Normal
M_000690,2020-01-22T14:10:24,STK_004,USR_006,USR_009,1104.69,1498,Normal
M_000684,2020-01-22T14:27:41,STK_005,USR_005,USR_001,3684.19,1836,Normal
M_000695,2020-01-22T14:49:49,STK_005,USR_009,USR_003,3653.13,668,Normal
M_000683,2020-01-22T14:52:02,STK_001,USR_004,USR_009,3241.64,1330,Normal
M_000685,2020-01-22T14:59:34,STK_003,USR_004,USR_009,967.53,1342,Normal
M_000709,2020-01-23T09:25:06,STK_004,USR_006,USR_007,1115.67,1984,Normal
M_000703,2020-01-23T10:09:19,STK_003,USR_002,USR_001,975.64,786,Normal
M_000701,2020-01-23T10:14:56,STK_001,USR_003,USR_008,3298.53,810,Normal
M_000710,2020-01-23T10:21:57,STK_002,USR_001,USR_009,212.63,1744,Normal
M_000696,2020-01-23T10:24:51,STK_005,USR_006,USR_007,3692.41,1301,Normal
M_000707,2020-01-23T10:25:54,STK_003,USR_002,USR_010,975.83,567,Normal
M_000714,2020-01-23T11:01:53,STK_005,USR_001,USR_007,3676.68,241,Normal
M_000698,2020-01-23T11:10:19,STK_001,USR_004,USR_002,3305.22,1993,Normal
M_000717,2020-01-23T11:39:14,STK_005,USR_005,USR_004,3701.06,1050,Normal
M_000706,2020-01-23T12:16:40,STK_001,USR_008,USR_003,3300.55,853,Normal
M_000718,2020-01-23T12:21:07,STK_005,USR_008,USR_004,3717.41,1600,Normal
M_000713,2020-01-23T12:23:36,STK_001,USR_009,USR_001,3318.33,467,Normal
M_000712,2020-01-23T12:47:19,STK_003,USR_005,USR_002,979.29,1270,Normal
M_000704,2020-01-23T12:54:28,STK_003,USR_009,USR_002,984.12,638,Normal
M_000699,2020-01-23T12:57:17,STK_001,USR_008,USR_001,3296.00,733,Normal
M_000715,2020-01-23T13:14:00,STK_003,USR_005,USR_006,983.19,276,Normal
M_000708,2020-01-23T13:37:53,STK_001,USR_001,USR_010,3327.54,600,Normal
M_000702,2020-01-23T13:45:37,STK_005,USR_005,USR_003,3679.25,861,Normal
M_000716,2020-01-23T14:02:03,STK_004,USR_001,USR_006,1111.69,510,Normal
M_000705,2020-01-23T14:14:55,STK_001,USR_008,USR_010,3288.86,1146,Normal
M_000697,2020-01-23T14:46:24,STK_001,USR_005,USR_007,3295.11,1594,Normal
M_000711,2020-01-23T14:58:06,STK_004,USR_004,USR_006,1106.29,608,Normal
M_000700,2020-01-23T14:59:23,STK_002,USR_002,USR_001,211.08,1549,Normal
M_000742,2020-01-24T09:40:57,STK_001,USR_002,USR_004,3270.55,1948,Normal
M_000725,2020-01-24T09:46:22,STK_005,USR_002,USR_009,3636.10,373,Normal
M_000727,2020-01-24T10:11:23,STK_002,USR_005,USR_010,211.28,1842,Normal
M_000739,2020-01-24T10:16:20,STK_001,USR_001,USR_010,3269.20,1800,Normal
M_000723,2020-01-24T10:17:45,STK_003,USR_002,USR_001,1001.36,1986,Normal
M_000719,2020-01-24T10:22:13,STK_001,USR_007,USR_001,3272.77,577,Normal
M_000737,2020-01-24T10:34:57,STK_001,USR_007,USR_008,3284.40,1238,Normal
M_000740,2020-01-24T11:01:23,STK_002,USR_004,USR_007,209.10,862,Normal
M_000724,2020-01-24T11:06:24,STK_005,USR_007,USR_006,3622.77,1038,Normal
M_000729,2020-01-24T11:28:31,STK_002,USR_002,USR_004,210.69,378,Normal
M_000734,2020-01-24T11:46:08,STK_005,USR_001,USR_004,3643.69,1811,Normal
M_000728,2020-01-24T11:52:02,STK_004,USR_006,USR_010,1144.04,1027,Normal
M_000735,2020-01-24T11:59:01,STK_002,USR_002,USR_004,209.83,828,Normal
M_000736,2020-01-24T12:36:24,STK_005,USR_001,USR_005,3645.69,632,Normal
M_000731,2020-01-24T13:05:31,STK_004,USR_006,USR_007,1149.50,347,Normal
M_000733,2020-01-24T13:13:02,STK_003,USR_002,USR_010,1000.76,422,Normal
M_000722,2020-01-24T13:49:20,STK_002,USR_007,USR_008,208.69,222,Normal
M_000732,2020-01-24T13:52:41,STK_003,USR_004,USR_008,1009.81,731,Normal
M_000720,2020-01-24T13:55:45,STK_003,USR_001,USR_006,1004.99,102,Normal
M_000738,2020-01-24T14:00:26,STK_002,USR_002,USR_008,212.23,308,Normal
M_000730,2020-01-24T14:19:19,STK_001,USR_003,USR_002,3276.15,436,Normal
M_000741,2020-01-24T14:44:13,STK_001,USR_010,USR_005,3269.44,1978,Normal
M_000726,2020-01-24T14:48:00,STK_004,USR_002,USR_001,1151.13,990,Normal
M_000743,2020-01-24T14:52:47,STK_004,USR_003,USR_002,1146.12,1953,Normal
M_000721,2020-01-24T14:58:58,STK_004,USR_005,USR_002,1142.05,520,Normal
M_000744,2020-01-25T09:23:19,STK_004,USR_001,USR_003,1127.52,1992,Normal
M_000758,2020-01-25T09:30:32,STK_002,USR_010,USR_007,214.13,826,Normal
M_000750,2020-01-25T09:33:18,STK_001,USR_005,USR_007,3347.36,381,Normal
M_000757,2020-01-25T09:54:41,STK_002,USR_004,USR_005,214.75,1192,Normal
M_000748,2020-01-25T10:21:10,STK_001,USR_010,USR_004,3383.63,1425,Normal
M_000759,2020-01-25T10:34:52,STK_002,USR_004,USR_006,214.82,1751,Normal
M_000747,2020-01-25T10:42:12,STK_003,USR_005,USR_008,987.38,1909,Normal
M_000749,2020-01-25T11:41:10,STK_004,USR_007,USR_009,1140.79,1081,Normal
M_000760,2020-01-25T12:15:56,STK_005,USR_001,USR_006,3670.41,1262,Normal
M_000746,2020-01-25T12:29:01,STK_004,USR_003,USR_006,1131.79,539,Normal
M_000754,2020-01-25T12:32:06,STK_003,USR_003,USR_001,998.20,753,Normal
M_000751,2020-01-25T12:48:57,STK_002,USR_009,USR_004,215.19,1391,Normal
M_000756,2020-01-25T13:17:36,STK_005,USR_006,USR_004,3667.77,426,Normal
M_000752,2020-01-25T13:56:54,STK_001,USR_007,USR_006,3362.45,1082,Normal
M_000753,2020-01-25T13:57:22,STK_004,USR_006,USR_009,1132.53,758,Normal
M_000745,2020-01-25T14:13:25,STK_004,USR_007,USR_008,1134.22,160,Normal
M_000755,2020-01-25T14:26:06,STK_002,USR_001,USR_005,217.78,219,Normal
M_000762,2020-01-26T09:20:43,STK_001,USR_001,USR_004,3468.93,1332,Normal
M_000776,2020-01-26T09:42:29,STK_002,USR_006,USR_010,214.07,443,Normal
M_000768,2020-01-26T09:55:10,STK_003,USR_005,USR_006,997.58,379,Normal
M_000769,2020-01-26T10:26:01,STK_004,USR_008,USR_006,1133.61,456,Normal
M_000765,2020-01-26T10:36:55,STK_003,USR_001,USR_010,1002.78,402,Normal
M_000763,2020-01-26T10:59:29,STK_001,USR_009,USR_008,3469.65,101,Normal
M_000779,2020-01-26T11:20:10,STK_001,USR_001,USR_010,3499.14,890,Normal
M_000778,2020-01-26T11:24:50,STK_002,USR_004,USR_002,213.54,817,Normal
M_000772,2020-01-26T11:40:50,STK_002,USR_003,USR_001,213.92,1537,Normal
M_000764,2020-01-26T12:01:10,STK_005,USR_004,USR_003,3777.90,797,Normal
M_000767,2020-01-26T12:19:16,STK_001,USR_006,USR_007,3488.32,1300,Normal
M_000781,2020-01-26T12:26:49,STK_003,USR_009,USR_007,1001.22,307,Normal
M_000780,2020-01-26T12:59:19,STK_004,USR_003,USR_007,1125.65,1109,Normal
M_000782,2020-01-26T13:21:51,STK_005,USR_004,USR_003,3750.88,1024,Normal
M_000761,2020-01-26T13:28:49,STK_005,USR_005,USR_003,3805.76,1104,Normal
M_000770,2020-01-26T14:06:54,STK_005,USR_006,USR_004,3779.11,1463,Normal
M_000775,2020-01-26T14:08:51,STK_001,USR_008,USR_003,3502.20,778,Normal
M_000773,2020-01-26T14:12:50,STK_004,USR_010,USR_001,1136.30,472,Normal
M_000766,2020-01-26T14:20:22,STK_002,USR_002,USR_009,215.35,1862,Normal
M_000771,2020-01-26T14:21:38,STK_002,USR_007,USR_005,214.26,1603,Normal
M_000774,2020-01-26T14:28:59,STK_003,USR_010,USR_004,1005.22,1409,Normal
M_000777,2020-01-26T14:47:26,STK_001,USR_006,USR_008,3475.26,123,Normal
M_000792,2020-01-27T09:02:05,STK_004,USR_002,USR_005,1134.76,1787,Normal
M_000783,2020-01-27T09:10:57,STK_003,USR_005,USR_002,1006.94,251,Normal
M_000794,2020-01-27T09:14:03,STK_002,USR_003,USR_005,218.35,267,Normal
M_000809,2020-01-27T09:36:35,STK_001,USR_007,USR_009,3441.90,913,Normal
M_000785,2020-01-27T09:40:57,STK_005,USR_002,USR_006,3695.61,1316,Normal
M_000804,2020-01-27T09:43:07,STK_004,USR_001,USR_009,1140.17,1269,Normal
M_000800,2020-01-27T09:52:48,STK_001,USR_006,USR_009,3500.96,947,Normal
M_000788,2020-01-27T09:55:18,STK_003,USR_004,USR_010,1004.45,938,Normal
M_000787,2020-01-27T10:30:06,STK_005,USR_007,USR_003,3660.07,209,Normal
M_000797,2020-01-27T10:40:58,STK_003,USR_007,USR_006,998.05,482,Normal
M_000807,2020-01-27T10:45:15,STK_002,USR_001,USR_007,220.89,260,Normal
M_000811,2020-01-27T11:05:00,STK_005,USR_010,USR_007,3838.86,3921,Pump_Phase
M_000812,2020-01-27T11:09:00,STK_005,USR_010,USR_003,4030.81,4214,Pump_Phase
M_000790,2020-01-27T11:09:43,STK_001,USR_001,USR_007,3478.50,1270,Normal
M_000813,2020-01-27T11:14:00,STK_005,USR_010,USR_002,4232.35,3865,Pump_Phase
M_000814,2020-01-27T11:19:00,STK_005,USR_010,USR_002,4443.96,5343,Pump_Phase
M_000799,2020-01-27T11:23:51,STK_002,USR_005,USR_001,218.07,409,Normal
M_000815,2020-01-27T11:24:00,STK_005,USR_010,USR_006,4666.16,6366,Pump_Phase
M_000816,2020-01-27T11:42:34,STK_005,USR_008,USR_010,4199.55,7686,Dump_Phase
M_000817,2020-01-27T11:43:22,STK_005,USR_008,USR_010,3779.59,3306,Dump_Phase
M_000818,2020-01-27T11:43:43,STK_005,USR_005,USR_010,3401.63,6301,Dump_Phase
M_000819,2020-01-27T11:44:02,STK_005,USR_007,USR_010,3061.47,3317,Dump_Phase
M_000820,2020-01-27T11:44:37,STK_005,USR_006,USR_010,2755.32,4946,Dump_Phase
M_000784,2020-01-27T12:06:40,STK_002,USR_007,USR_003,219.54,1599,Normal
M_000802,2020-01-27T12:31:24,STK_005,USR_007,USR_009,3645.84,1507,Normal
M_000808,2020-01-27T12:57:46,STK_002,USR_003,USR_005,217.25,754,Normal
M_000798,2020-01-27T13:03:27,STK_001,USR_005,USR_008,3482.48,1052,Normal
M_000806,2020-01-27T13:05:14,STK_002,USR_003,USR_004,218.23,1755,Normal
M_000795,2020-01-27T13:18:37,STK_001,USR_005,USR_007,3483.54,1064,Normal
M_000803,2020-01-27T13:19:19,STK_005,USR_004,USR_008,3662.96,712,Normal
M_000796,2020-01-27T13:27:06,STK_003,USR_002,USR_009,1008.58,893,Normal
M_000805,2020-01-27T13:42:15,STK_005,USR_010,USR_003,3654.86,346,Normal
M_000791,2020-01-27T14:00:11,STK_004,USR_003,USR_001,1132.90,838,Normal
M_000810,2020-01-27T14:01:29,STK_003,USR_005,USR_009,1005.40,1038,Normal
M_000789,2020-01-27T14:02:37,STK_005,USR_005,USR_010,3684.90,709,Normal
M_000801,2020-01-27T14:22:04,STK_002,USR_009,USR_001,217.17,1821,Normal
M_000786,2020-01-27T14:35:07,STK_004,USR_001,USR_007,1129.58,1438,Normal
M_000793,2020-01-27T14:41:22,STK_005,USR_008,USR_004,3659.47,298,Normal
M_000833,2020-01-28T09:16:41,STK_002,USR_006,USR_008,213.02,1316,Normal
M_000831,2020-01-28T09:27:36,STK_003,USR_004,USR_005,1016.18,854,Normal
M_000827,2020-01-28T09:30:41,STK_005,USR_003,USR_002,2703.46,737,Normal
M_000823,2020-01-28T09:53:38,STK_002,USR_003,USR_005,215.06,1623,Normal
M_000830,2020-01-28T10:49:37,STK_001,USR_004,USR_001,3449.41,1034,Normal
M_000822,2020-01-28T11:45:30,STK_003,USR_005,USR_008,1021.85,1857,Normal
M_000826,2020-01-28T12:42:22,STK_004,USR_009,USR_006,1130.75,1781,Normal
M_000824,2020-01-28T13:01:59,STK_003,USR_005,USR_007,1016.90,1338,Normal
M_000832,2020-01-28T13:13:31,STK_005,USR_007,USR_002,2729.03,1495,Normal
M_000821,2020-01-28T13:19:31,STK_003,USR_006,USR_001,1010.89,791,Normal
M_000828,2020-01-28T13:36:46,STK_004,USR_003,USR_009,1132.90,1900,Normal
M_000829,2020-01-28T14:10:34,STK_001,USR_003,USR_004,3444.43,1892,Normal
M_000825,2020-01-28T14:52:33,STK_001,USR_004,USR_008,3477.03,532,Normal
M_000869,2020-01-29T09:09:47,STK_001,USR_004,USR_010,3532.61,1520,Normal
M_000851,2020-01-29T09:19:17,STK_005,USR_010,USR_004,2723.15,802,Normal
M_000872,2020-01-29T09:24:58,STK_003,USR_005,USR_008,1049.49,1590,Normal
M_000836,2020-01-29T09:27:06,STK_002,USR_010,USR_004,214.70,1855,Normal
M_000854,2020-01-29T09:53:18,STK_004,USR_003,USR_005,1135.56,1585,Normal
M_000843,2020-01-29T09:55:52,STK_001,USR_009,USR_006,3576.62,1249,Normal
M_000845,2020-01-29T09:59:02,STK_004,USR_002,USR_006,1136.44,666,Normal
M_000858,2020-01-29T10:04:19,STK_004,USR_001,USR_002,1139.09,1067,Normal
M_000839,2020-01-29T10:12:15,STK_002,USR_010,USR_001,214.77,558,Normal
M_000865,2020-01-29T10:26:31,STK_004,USR_002,USR_003,1144.78,1358,Normal
M_000859,2020-01-29T10:46:14,STK_005,USR_002,USR_007,2748.47,1185,Normal
M_000861,2020-01-29T10:49:23,STK_003,USR_007,USR_008,1034.12,393,Normal
M_000837,2020-01-29T11:00:53,STK_002,USR_004,USR_005,215.44,1434,Normal
M_000852,2020-01-29T11:01:26,STK_005,USR_008,USR_006,2742.91,1138,Normal
M_000848,2020-01-29T11:11:14,STK_001,USR_010,USR_007,3559.60,1452,Normal
M_000840,2020-01-29T11:17:50,STK_005,USR_005,USR_010,2747.89,967,Normal
M_000835,2020-01-29T11:21:15,STK_001,USR_005,USR_001,3552.63,891,Normal
M_000850,2020-01-29T11:21:40,STK_004,USR_007,USR_010,1142.07,1608,Normal
M_000860,2020-01-29T11:42:56,STK_004,USR_001,USR_003,1144.61,381,Normal
M_000853,2020-01-29T11:43:56,STK_002,USR_009,USR_003,211.42,701,Normal
M_000862,2020-01-29T11:52:47,STK_002,USR_002,USR_008,215.62,781,Normal
M_000849,2020-01-29T11:54:32,STK_002,USR_001,USR_008,213.32,705,Normal
M_000857,2020-01-29T12:00:56,STK_003,USR_005,USR_010,1042.35,1049,Normal
M_000870,2020-01-29T12:08:03,STK_003,USR_003,USR_002,1034.93,885,Normal
M_000856,2020-01-29T12:14:01,STK_002,USR_005,USR_007,214.86,1714,Normal
M_000868,2020-01-29T12:23:45,STK_001,USR_006,USR_009,3540.32,490,Normal
M_000841,2020-01-29T12:25:36,STK_003,USR_008,USR_005,1047.63,546,Normal
M_000867,2020-01-29T12:29:20,STK_001,USR_001,USR_009,3508.51,508,Normal
M_000838,2020-01-29T12:43:38,STK_005,USR_001,USR_010,2751.83,1070,Normal
M_000866,2020-01-29T12:56:51,STK_004,USR_007,USR_010,1145.82,1077,Normal
M_000864,2020-01-29T13:06:52,STK_003,USR_004,USR_003,1038.99,1280,Normal
M_000842,2020-01-29T13:14:52,STK_003,USR_009,USR_007,1036.62,1297,Normal
M_000871,2020-01-29T13:34:53,STK_005,USR_005,USR_003,2745.26,233,Normal
M_000873,2020-01-29T13:44:08,STK_005,USR_009,USR_006,2757.93,988,Normal
M_000855,2020-01-29T14:05:18,STK_002,USR_006,USR_002,214.83,555,Normal
M_000834,2020-01-29T14:20:30,STK_005,USR_006,USR_010,2756.96,434,Normal
M_000863,2020-01-29T14:44:37,STK_002,USR_006,USR_001,214.95,109,Normal
M_000846,2020-01-29T14:49:51,STK_003,USR_005,USR_010,1040.81,1443,Normal
M_000844,2020-01-29T14:53:32,STK_005,USR_010,USR_005,2748.57,711,Normal
M_000847,2020-01-29T14:55:47,STK_003,USR_004,USR_003,1036.60,1159,Normal
M_000889,2020-01-30T09:01:29,STK_001,USR_002,USR_010,3498.59,1810,Normal
M_000879,2020-01-30T09:26:11,STK_001,USR_001,USR_010,3522.59,1512,Normal
M_000893,2020-01-30T09:27:21,STK_001,USR_003,USR_001,3503.78,1845,Normal
M_000901,2020-01-30T09:32:01,STK_002,USR_002,USR_007,216.19,1966,Normal
M_000883,2020-01-30T09:55:08,STK_005,USR_005,USR_003,2780.96,957,Normal
M_000884,2020-01-30T09:57:17,STK_005,USR_010,USR_002,2742.92,678,Normal
M_000885,2020-01-30T10:02:15,STK_001,USR_008,USR_004,3534.62,1347,Normal
M_000880,2020-01-30T10:03:14,STK_004,USR_008,USR_007,1162.67,353,Normal
M_000895,2020-01-30T10:03:17,STK_001,USR_001,USR_010,3534.47,1844,Normal
M_000877,2020-01-30T10:07:15,STK_003,USR_001,USR_007,1074.04,1895,Normal
M_000904,2020-01-30T10:11:21,STK_004,USR_008,USR_002,1169.57,1917,Normal
M_000876,2020-01-30T10:11:39,STK_002,USR_001,USR_009,216.89,446,Normal
M_000896,2020-01-30T10:15:34,STK_002,USR_006,USR_010,216.94,1931,Normal
M_000886,2020-01-30T10:49:05,STK_003,USR_009,USR_004,1070.31,833,Normal
M_000892,2020-01-30T11:06:14,STK_004,USR_005,USR_010,1162.45,1050,Normal
M_000894,2020-01-30T11:38:41,STK_003,USR_006,USR_007,1080.71,1612,Normal
M_000898,2020-01-30T12:07:10,STK_002,USR_002,USR_007,216.59,919,Normal
M_000875,2020-01-30T12:40:18,STK_001,USR_004,USR_010,3516.44,1589,Normal
M_000887,2020-01-30T12:43:46,STK_003,USR_003,USR_001,1065.77,1222,Normal
M_000900,2020-01-30T12:50:19,STK_002,USR_002,USR_003,215.36,1525,Normal
M_000897,2020-01-30T12:59:03,STK_005,USR_005,USR_002,2752.93,863,Normal
M_000899,2020-01-30T13:09:19,STK_003,USR_007,USR_008,1072.53,1738,Normal
M_000874,2020-01-30T13:27:42,STK_003,USR_004,USR_003,1065.79,1957,Normal
M_000888,2020-01-30T13:31:04,STK_002,USR_008,USR_006,215.94,580,Normal
M_000891,2020-01-30T13:39:27,STK_001,USR_002,USR_005,3513.37,1419,Normal
M_000881,2020-01-30T13:58:53,STK_003,USR_008,USR_003,1076.30,520,Normal
M_000890,2020-01-30T14:13:33,STK_004,USR_003,USR_002,1168.27,1696,Normal
M_000902,2020-01-30T14:22:37,STK_004,USR_010,USR_008,1156.07,471,Normal
M_000903,2020-01-30T14:33:51,STK_004,USR_006,USR_001,1168.12,1866,Normal
M_000882,2020-01-30T14:44:14,STK_001,USR_005,USR_007,3507.67,1455,Normal
M_000878,2020-01-30T14:49:42,STK_003,USR_009,USR_001,1072.65,1316,Normal
M_000917,2020-01-31T09:19:34,STK_005,USR_009,USR_001,2770.23,1791,Normal
M_000918,2020-01-31T09:49:38,STK_005,USR_010,USR_005,2771.59,1922,Normal
M_000925,2020-01-31T09:58:03,STK_001,USR_003,USR_008,3463.91,387,Normal
M_000927,2020-01-31T10:05:56,STK_004,USR_004,USR_008,1115.53,1788,Normal
M_000910,2020-01-31T10:25:42,STK_005,USR_008,USR_010,2762.37,1880,Normal
M_000911,2020-01-31T10:30:19,STK_001,USR_008,USR_006,3485.67,593,Normal
M_000928,2020-01-31T10:44:04,STK_003,USR_002,USR_007,1049.03,195,Normal
M_000908,2020-01-31T11:15:45,STK_004,USR_006,USR_007,1137.75,404,Normal
M_000912,2020-01-31T12:00:42,STK_003,USR_001,USR_009,1046.44,556,Normal
M_000920,2020-01-31T12:18:26,STK_001,USR_004,USR_008,3460.79,779,Normal
M_000931,2020-01-31T12:39:46.360000,STK_001,USR_009,USR_007,3466.46,6451,Wash_Trade
M_000932,2020-01-31T12:39:46.814000,STK_001,USR_007,USR_009,3465.85,9739,Wash_Trade
M_000933,2020-01-31T12:39:47.002000,STK_001,USR_009,USR_007,3474.37,6051,Wash_Trade
M_000934,2020-01-31T12:39:47.155000,STK_001,USR_007,USR_009,3468.72,8173,Wash_Trade
M_000935,2020-01-31T12:39:47.591000,STK_001,USR_009,USR_007,3471.54,9919,Wash_Trade
M_000936,2020-01-31T12:39:48.001000,STK_001,USR_007,USR_009,3470.18,7636,Wash_Trade
M_000937,2020-01-31T12:39:48.359000,STK_001,USR_009,USR_007,3472.00,8151,Wash_Trade
M_000938,2020-01-31T12:39:48.673000,STK_001,USR_007,USR_009,3470.61,9988,Wash_Trade
M_000926,2020-01-31T12:43:29,STK_001,USR_005,USR_004,3483.73,484,Normal
M_000914,2020-01-31T13:10:43,STK_004,USR_010,USR_008,1140.01,280,Normal
M_000915,2020-01-31T13:32:13,STK_004,USR_006,USR_002,1139.46,1118,Normal
M_000919,2020-01-31T13:37:37,STK_005,USR_004,USR_008,2768.36,798,Normal
M_000907,2020-01-31T13:45:41,STK_005,USR_002,USR_007,2758.41,1455,Normal
M_000913,2020-01-31T14:00:38,STK_004,USR_007,USR_004,1122.73,261,Normal
M_000909,2020-01-31T14:04:55,STK_005,USR_001,USR_010,2764.23,1417,Normal
M_000921,2020-01-31T14:05:55,STK_005,USR_010,USR_008,2755.47,1567,Normal
M_000906,2020-01-31T14:14:55,STK_005,USR_004,USR_006,2788.04,1163,Normal
M_000929,2020-01-31T14:45:50,STK_005,USR_002,USR_008,2740.71,1036,Normal
M_000924,2020-01-31T14:46:03,STK_003,USR_009,USR_010,1045.87,865,Normal
M_000916,2020-01-31T14:56:49,STK_001,USR_002,USR_007,3459.49,944,Normal
M_000905,2020-01-31T14:57:42,STK_003,USR_001,USR_009,1048.50,1671,Normal
M_000922,2020-01-31T14:58:54,STK_003,USR_008,USR_002,1042.91,299,Normal
M_000930,2020-01-31T14:59:36,STK_005,USR_009,USR_003,2759.75,1121,Normal
M_000923,2020-01-31T14:59:51,STK_002,USR_001,USR_006,224.59,827,Normal
M_000962,2020-02-01T09:27:46,STK_005,USR_005,USR_008,2701.39,1717,Normal
M_000954,2020-02-01T09:29:22,STK_001,USR_005,USR_004,3382.17,1370,Normal
M_000948,2020-02-01T09:30:54,STK_002,USR_005,USR_003,228.00,686,Normal
M_000947,2020-02-01T09:58:08,STK_001,USR_007,USR_003,3398.71,208,Normal
M_000943,2020-02-01T10:12:27,STK_002,USR_009,USR_010,227.36,1521,Normal
M_000940,2020-02-01T10:12:50,STK_002,USR_007,USR_009,228.70,712,Normal
M_000961,2020-02-01T10:24:32,STK_001,USR_003,USR_006,3398.17,1322,Normal
M_000957,2020-02-01T10:36:53,STK_001,USR_003,USR_010,3382.62,1605,Normal
M_000942,2020-02-01T10:54:31,STK_005,USR_005,USR_006,2736.30,1986,Normal
M_000952,2020-02-01T11:09:45,STK_005,USR_005,USR_001,2740.58,1997,Normal
M_000949,2020-02-01T11:16:50,STK_002,USR_001,USR_005,227.43,517,Normal
M_000939,2020-02-01T11:29:25,STK_004,USR_006,USR_005,1104.65,1027,Normal
M_000959,2020-02-01T11:32:25,STK_005,USR_005,USR_003,2753.64,429,Normal
M_000953,2020-02-01T12:28:23,STK_004,USR_007,USR_006,1100.41,1230,Normal
M_000955,2020-02-01T13:01:58,STK_002,USR_006,USR_009,228.56,1612,Normal
M_000945,2020-02-01T13:22:20,STK_005,USR_010,USR_007,2746.32,1480,Normal
M_000958,2020-02-01T13:40:37,STK_001,USR_007,USR_001,3347.51,977,Normal
M_000946,2020-02-01T13:51:34,STK_003,USR_007,USR_001,1034.96,1170,Normal
M_000950,2020-02-01T13:55:33,STK_001,USR_006,USR_008,3377.97,309,Normal
M_000941,2020-02-01T13:59:10,STK_003,USR_009,USR_004,1030.94,511,Normal
M_000963,2020-02-01T14:12:45,STK_005,USR_006,USR_002,2769.71,1705,Normal
M_000960,2020-02-01T14:18:56,STK_003,USR_001,USR_006,1034.53,1055,Normal
M_000956,2020-02-01T14:29:31,STK_002,USR_004,USR_005,227.64,1019,Normal
M_000951,2020-02-01T14:36:28,STK_005,USR_004,USR_009,2740.10,896,Normal
M_000944,2020-02-01T14:47:49,STK_003,USR_002,USR_006,1043.46,1251,Normal
M_000975,2020-02-02T09:04:00,STK_001,USR_004,USR_010,3389.57,1871,Normal
M_000973,2020-02-02T09:23:56,STK_003,USR_004,USR_006,1010.97,1152,Normal
M_000984,2020-02-02T09:39:38,STK_003,USR_009,USR_002,1010.94,693,Normal
M_000974,2020-02-02T09:44:58,STK_001,USR_003,USR_009,3375.24,1192,Normal
M_000979,2020-02-02T10:37:12,STK_003,USR_009,USR_002,1005.48,1277,Normal
M_000966,2020-02-02T11:00:48,STK_002,USR_006,USR_010,232.55,838,Normal
M_000980,2020-02-02T11:04:19,STK_003,USR_007,USR_010,1019.52,1023,Normal
M_000969,2020-02-02T11:11:15,STK_005,USR_010,USR_004,2689.99,181,Normal
M_000967,2020-02-02T11:40:19,STK_002,USR_010,USR_009,233.03,1072,Normal
M_000970,2020-02-02T11:55:16,STK_004,USR_002,USR_007,1110.69,625,Normal
M_000978,2020-02-02T12:01:09,STK_001,USR_002,USR_010,3382.62,211,Normal
M_000972,2020-02-02T12:24:46,STK_005,USR_009,USR_008,2715.58,1096,Normal
M_000982,2020-02-02T12:32:43,STK_001,USR_009,USR_001,3376.96,1413,Normal
M_000976,2020-02-02T12:51:40,STK_001,USR_004,USR_009,3390.49,1797,Normal
M_000977,2020-02-02T12:57:41,STK_001,USR_003,USR_001,3391.87,1040,Normal
M_000964,2020-02-02T13:44:19,STK_001,USR_009,USR_003,3361.34,951,Normal
M_000971,2020-02-02T13:55:02,STK_003,USR_001,USR_009,1013.11,1783,Normal
M_000965,2020-02-02T13:56:35,STK_005,USR_007,USR_002,2709.02,815,Normal
M_000968,2020-02-02T14:06:33,STK_001,USR_002,USR_006,3386.52,1012,Normal
M_000983,2020-02-02T14:37:42,STK_001,USR_010,USR_001,3359.14,1535,Normal
M_000981,2020-02-02T14:44:10,STK_004,USR_007,USR_006,1103.50,134,Normal
M_000986,2020-02-03T09:16:49,STK_004,USR_003,USR_009,1151.20,550,Normal
M_000996,2020-02-03T09:36:47,STK_003,USR_002,USR_004,1019.87,1586,Normal
M_000999,2020-02-03T09:38:07,STK_002,USR_006,USR_008,236.14,1022,Normal
M_000991,2020-02-03T09:46:29,STK_003,USR_004,USR_006,1018.28,533,Normal
M_000987,2020-02-03T10:14:28,STK_004,USR_009,USR_005,1152.49,1398,Normal
M_000988,2020-02-03T10:18:41,STK_003,USR_006,USR_001,1013.53,1233,Normal
M_000994,2020-02-03T10:39:02,STK_005,USR_001,USR_009,2709.38,1044,Normal
M_000993,2020-02-03T11:00:34,STK_005,USR_005,USR_004,2705.64,334,Normal
M_000985,2020-02-03T11:33:44,STK_004,USR_007,USR_010,1144.28,1783,Normal
M_000992,2020-02-03T12:45:21,STK_005,USR_003,USR_010,2726.30,476,Normal
M_000989,2020-02-03T14:03:08,STK_002,USR_002,USR_001,234.97,110,Normal
M_000990,2020-02-03T14:12:46,STK_005,USR_007,USR_009,2717.17,1221,Normal
M_000997,2020-02-03T14:17:04,STK_004,USR_006,USR_010,1139.40,362,Normal
M_000995,2020-02-03T14:52:04,STK_005,USR_002,USR_005,2705.33,1475,Normal
M_000998,2020-02-03T14:57:58,STK_002,USR_002,USR_005,232.58,1368,Normal
M_001020,2020-02-04T09:25:21,STK_001,USR_006,USR_002,3323.95,1541,Normal
M_001005,2020-02-04T09:59:26,STK_002,USR_010,USR_002,229.25,1823,Normal
M_001044,2020-02-04T10:04:10,STK_001,USR_008,USR_003,3340.27,1947,Normal
M_001026,2020-02-04T10:15:53,STK_004,USR_003,USR_004,1132.05,257,Normal
M_001038,2020-02-04T10:17:56,STK_005,USR_003,USR_009,2628.10,641,Normal
M_001042,2020-02-04T10:21:40,STK_005,USR_002,USR_003,2635.77,1074,Normal
M_001000,2020-02-04T10:23:13,STK_005,USR_010,USR_006,2657.67,1754,Normal
M_001028,2020-02-04T10:25:56,STK_003,USR_010,USR_002,980.35,1453,Normal
M_001015,2020-02-04T10:26:57,STK_002,USR_010,USR_003,230.61,1607,Normal
M_001034,2020-02-04T10:30:50,STK_003,USR_003,USR_009,978.56,930,Normal
M_001039,2020-02-04T10:31:35,STK_003,USR_008,USR_002,977.43,570,Normal
M_001022,2020-02-04T10:34:56,STK_004,USR_007,USR_006,1121.46,1303,Normal
M_001041,2020-02-04T10:50:30,STK_005,USR_009,USR_007,2641.83,1792,Normal
M_001036,2020-02-04T10:58:17,STK_004,USR_010,USR_008,1131.63,1876,Normal
M_001024,2020-02-04T11:01:43,STK_005,USR_007,USR_006,2623.00,1773,Normal
M_001029,2020-02-04T11:05:47,STK_004,USR_006,USR_002,1122.16,1086,Normal
M_001018,2020-02-04T11:07:48,STK_001,USR_004,USR_009,3338.27,1959,Normal
M_001002,2020-02-04T11:14:26,STK_002,USR_007,USR_005,228.84,1820,Normal
M_001006,2020-02-04T11:33:15,STK_002,USR_009,USR_004,226.76,639,Normal
M_001001,2020-02-04T11:52:45,STK_004,USR_003,USR_001,1136.75,741,Normal
M_001025,2020-02-04T12:08:26,STK_004,USR_008,USR_001,1124.80,1127,Normal
M_001003,2020-02-04T12:16:19,STK_002,USR_006,USR_008,232.21,1047,Normal
M_001019,2020-02-04T12:17:17,STK_004,USR_008,USR_010,1130.68,1905,Normal
M_001013,2020-02-04T12:18:43,STK_005,USR_001,USR_004,2643.46,1836,Normal
M_001040,2020-02-04T12:26:33,STK_004,USR_003,USR_002,1122.03,133,Normal
M_001011,2020-02-04T12:34:21,STK_002,USR_010,USR_005,232.43,374,Normal
M_001031,2020-02-04T12:44:24,STK_001,USR_004,USR_001,3352.23,361,Normal
M_001046,2020-02-04T12:49:44,STK_003,USR_001,USR_009,976.48,978,Normal
M_001004,2020-02-04T13:03:13,STK_003,USR_005,USR_008,980.66,1229,Normal
M_001012,2020-02-04T13:13:47,STK_005,USR_009,USR_002,2654.27,912,Normal
M_001030,2020-02-04T13:21:29,STK_004,USR_004,USR_003,1125.44,1425,Normal
M_001037,2020-02-04T13:23:03,STK_002,USR_004,USR_007,228.09,1330,Normal
M_001016,2020-02-04T13:24:03,STK_003,USR_001,USR_004,979.58,1659,Normal
M_001017,2020-02-04T13:26:19,STK_002,USR_002,USR_005,229.95,856,Normal
M_001008,2020-02-04T13:36:59,STK_001,USR_010,USR_007,3313.35,1675,Normal
M_001033,2020-02-04T13:39:58,STK_001,USR_010,USR_003,3332.78,214,Normal
M_001027,2020-02-04T13:41:00,STK_003,USR_004,USR_003,982.67,482,Normal
M_001021,2020-02-04T13:44:44,STK_003,USR_005,USR_009,974.50,1267,Normal
M_001010,2020-02-04T13:56:48,STK_005,USR_008,USR_003,2649.50,849,Normal
M_001032,2020-02-04T14:13:12,STK_005,USR_003,USR_010,2623.08,1389,Normal
M_001009,2020-02-04T14:22:14,STK_002,USR_001,USR_009,227.74,633,Normal
M_001035,2020-02-04T14:27:19,STK_005,USR_001,USR_005,2623.26,275,Normal
M_001045,2020-02-04T14:29:34,STK_005,USR_001,USR_007,2654.00,1169,Normal
M_001014,2020-02-04T14:35:20,STK_002,USR_009,USR_003,230.31,1013,Normal
M_001043,2020-02-04T14:35:44,STK_005,USR_001,USR_009,2643.31,1130,Normal
M_001007,2020-02-04T14:42:13,STK_001,USR_002,USR_001,3374.75,1839,Normal
M_001023,2020-02-04T14:56:48,STK_001,USR_009,USR_005,3334.89,870,Normal
M_001070,2020-02-05T09:00:09,STK_002,USR_002,USR_005,232.73,1696,Normal
M_001076,2020-02-05T09:02:32,STK_003,USR_003,USR_007,994.56,1136,Normal
M_001061,2020-02-05T09:28:25,STK_002,USR_007,USR_001,228.82,1747,Normal
M_001063,2020-02-05T09:34:59,STK_003,USR_004,USR_006,989.60,263,Normal
M_001049,2020-02-05T09:45:46,STK_003,USR_010,USR_009,979.56,936,Normal
M_001073,2020-02-05T09:49:14,STK_005,USR_005,USR_009,2637.00,1973,Normal
M_001062,2020-02-05T09:49:44,STK_002,USR_008,USR_007,230.54,280,Normal
M_001077,2020-02-05T09:58:08,STK_005,USR_002,USR_009,2660.30,702,Normal
M_001053,2020-02-05T09:58:12,STK_002,USR_007,USR_005,229.36,635,Normal
M_001048,2020-02-05T10:13:07,STK_003,USR_008,USR_004,983.21,1963,Normal
M_001069,2020-02-05T10:32:33,STK_001,USR_006,USR_004,3323.82,1441,Normal
M_001066,2020-02-05T10:35:43,STK_004,USR_008,USR_001,1131.41,513,Normal
M_001072,2020-02-05T10:49:23,STK_005,USR_001,USR_002,2620.10,1982,Normal
M_001059,2020-02-05T11:05:29,STK_004,USR_003,USR_002,1127.41,539,Normal
M_001050,2020-02-05T11:20:47,STK_002,USR_001,USR_010,232.20,1283,Normal
M_001055,2020-02-05T11:30:29,STK_004,USR_004,USR_007,1130.47,1230,Normal
M_001078,2020-02-05T12:05:40,STK_001,USR_009,USR_005,3298.72,1894,Normal
M_001058,2020-02-05T12:08:03,STK_004,USR_003,USR_002,1133.72,1631,Normal
M_001047,2020-02-05T12:11:25,STK_005,USR_010,USR_002,2628.91,971,Normal
M_001071,2020-02-05T12:38:08,STK_003,USR_007,USR_010,983.73,1300,Normal
M_001060,2020-02-05T13:37:37,STK_004,USR_006,USR_009,1144.29,1357,Normal
M_001051,2020-02-05T13:45:22,STK_001,USR_009,USR_001,3287.30,868,Normal
M_001054,2020-02-05T13:52:47,STK_004,USR_010,USR_006,1137.21,1353,Normal
M_001079,2020-02-05T13:53:46,STK_005,USR_005,USR_008,2645.67,872,Normal
M_001057,2020-02-05T14:03:03,STK_004,USR_005,USR_010,1128.33,1283,Normal
M_001056,2020-02-05T14:04:30,STK_004,USR_003,USR_006,1139.21,1245,Normal
M_001080,2020-02-05T14:07:33,STK_004,USR_004,USR_006,1141.36,1688,Normal
M_001074,2020-02-05T14:18:21,STK_003,USR_006,USR_005,999.20,563,Normal
M_001068,2020-02-05T14:27:24,STK_005,USR_009,USR_004,2636.23,1359,Normal
M_001075,2020-02-05T14:31:09,STK_002,USR_008,USR_007,229.26,1277,Normal
M_001064,2020-02-05T14:32:36,STK_001,USR_007,USR_010,3314.72,1357,Normal
M_001052,2020-02-05T14:57:28,STK_002,USR_006,USR_007,229.39,841,Normal
M_001065,2020-02-05T14:58:21,STK_005,USR_005,USR_001,2635.72,1684,Normal
M_001067,2020-02-05T14:58:44,STK_005,USR_005,USR_004,2638.74,168,Normal
M_001091,2020-02-06T09:03:37,STK_005,USR_001,USR_008,2588.16,860,Normal
M_001107,2020-02-06T09:05:19,STK_002,USR_007,USR_008,229.95,375,Normal
M_001081,2020-02-06T09:14:56,STK_004,USR_002,USR_005,1102.38,238,Normal
M_001120,2020-02-06T09:38:57,STK_001,USR_003,USR_006,3269.89,567,Normal
M_001090,2020-02-06T09:58:15,STK_001,USR_002,USR_008,3302.95,1357,Normal
M_001104,2020-02-06T10:11:37,STK_005,USR_004,USR_002,2594.33,1576,Normal
M_001111,2020-02-06T10:29:12,STK_001,USR_004,USR_005,3285.12,1075,Normal
M_001124,2020-02-06T10:31:22,STK_002,USR_001,USR_003,227.99,1590,Normal
M_001093,2020-02-06T10:39:52,STK_005,USR_005,USR_007,2609.36,554,Normal
M_001087,2020-02-06T10:43:51,STK_004,USR_004,USR_010,1113.79,1606,Normal
M_001102,2020-02-06T10:54:58,STK_004,USR_006,USR_010,1108.55,1849,Normal
M_001098,2020-02-06T10:55:05,STK_004,USR_010,USR_002,1112.15,766,Normal
M_001125,2020-02-06T11:08:08,STK_003,USR_002,USR_004,964.51,441,Normal
M_001088,2020-02-06T11:12:11,STK_003,USR_004,USR_010,965.28,515,Normal
M_001089,2020-02-06T11:16:22,STK_005,USR_006,USR_003,2608.78,1695,Normal
M_001114,2020-02-06T11:20:44,STK_003,USR_001,USR_007,975.94,348,Normal
M_001100,2020-02-06T11:23:33,STK_002,USR_005,USR_008,229.45,1355,Normal
M_001084,2020-02-06T11:23:49,STK_002,USR_005,USR_002,229.52,917,Normal
M_001105,2020-02-06T11:27:25,STK_002,USR_009,USR_007,230.67,1853,Normal
M_001116,2020-02-06T11:35:26,STK_003,USR_006,USR_009,975.65,1098,Normal
M_001121,2020-02-06T11:51:12,STK_003,USR_005,USR_010,968.51,1339,Normal
M_001086,2020-02-06T11:51:24,STK_003,USR_004,USR_005,976.61,474,Normal
M_001085,2020-02-06T12:06:46,STK_001,USR_009,USR_003,3257.26,1075,Normal
M_001101,2020-02-06T12:07:22,STK_003,USR_003,USR_008,968.11,968,Normal
M_001096,2020-02-06T12:09:39,STK_004,USR_003,USR_008,1112.26,346,Normal
M_001115,2020-02-06T12:11:44,STK_005,USR_004,USR_009,2599.88,457,Normal
M_001083,2020-02-06T12:12:50,STK_005,USR_009,USR_001,2593.88,1535,Normal
M_001113,2020-02-06T12:17:08,STK_003,USR_009,USR_010,976.92,1758,Normal
M_001099,2020-02-06T12:17:28,STK_005,USR_005,USR_003,2591.92,1223,Normal
M_001123,2020-02-06T12:18:20,STK_005,USR_009,USR_008,2610.52,947,Normal
M_001106,2020-02-06T12:28:00,STK_002,USR_003,USR_010,230.50,1068,Normal
M_001082,2020-02-06T12:28:59,STK_002,USR_004,USR_006,229.29,944,Normal
M_001126,2020-02-06T12:36:50,STK_001,USR_002,USR_010,3289.17,1899,Normal
M_001103,2020-02-06T12:38:46,STK_003,USR_008,USR_003,970.59,1270,Normal
M_001095,2020-02-06T12:51:06,STK_004,USR_009,USR_001,1108.86,1129,Normal
M_001117,2020-02-06T13:04:05,STK_001,USR_007,USR_005,3280.29,1049,Normal
M_001127,2020-02-06T13:18:25,STK_005,USR_001,USR_010,2636.36,1678,Normal
M_001109,2020-02-06T13:25:45,STK_003,USR_005,USR_009,973.46,1858,Normal
M_001097,2020-02-06T13:43:00,STK_004,USR_006,USR_001,1109.59,124,Normal
M_001110,2020-02-06T14:10:06,STK_001,USR_007,USR_002,3302.71,1514,Normal
M_001094,2020-02-06T14:14:56,STK_002,USR_001,USR_009,228.44,1736,Normal
M_001092,2020-02-06T14:38:58,STK_003,USR_008,USR_005,983.15,1105,Normal
M_001112,2020-02-06T14:43:59,STK_001,USR_008,USR_006,3320.86,632,Normal
M_001108,2020-02-06T14:44:25,STK_005,USR_009,USR_006,2589.69,1708,Normal
M_001119,2020-02-06T14:44:45,STK_005,USR_010,USR_007,2616.36,1838,Normal
M_001118,2020-02-06T14:44:59,STK_002,USR_003,USR_006,230.06,963,Normal
M_001122,2020-02-06T14:52:03,STK_004,USR_005,USR_008,1098.98,1699,Normal
M_001142,2020-02-07T09:03:56,STK_005,USR_006,USR_004,2662.61,943,Normal
M_001138,2020-02-07T09:05:45,STK_001,USR_009,USR_003,3282.25,804,Normal
M_001128,2020-02-07T09:56:45,STK_003,USR_010,USR_003,975.18,272,Normal
M_001131,2020-02-07T10:33:10,STK_001,USR_001,USR_006,3271.43,1862,Normal
M_001130,2020-02-07T11:35:11,STK_004,USR_003,USR_010,1108.75,1178,Normal
M_001139,2020-02-07T11:36:36,STK_004,USR_009,USR_001,1112.98,1508,Normal
M_001132,2020-02-07T11:57:36,STK_004,USR_008,USR_009,1112.46,657,Normal
M_001137,2020-02-07T12:19:45,STK_004,USR_005,USR_003,1107.13,721,Normal
M_001141,2020-02-07T12:55:04,STK_003,USR_010,USR_004,976.47,1731,Normal
M_001140,2020-02-07T13:28:39,STK_004,USR_005,USR_001,1109.60,1668,Normal
M_001136,2020-02-07T13:54:43,STK_002,USR_002,USR_008,232.05,730,Normal
M_001133,2020-02-07T13:59:34,STK_004,USR_003,USR_009,1106.00,462,Normal
M_001134,2020-02-07T14:22:40,STK_005,USR_008,USR_007,2641.75,1172,Normal
M_001135,2020-02-07T14:49:24,STK_005,USR_005,USR_006,2658.88,1086,Normal
M_001129,2020-02-07T14:57:37,STK_004,USR_005,USR_004,1108.45,606,Normal
M_001157,2020-02-08T09:06:53,STK_001,USR_004,USR_007,3394.22,1679,Normal
M_001150,2020-02-08T09:12:05,STK_002,USR_002,USR_005,235.77,651,Normal
M_001154,2020-02-08T09:17:19,STK_003,USR_002,USR_003,970.89,214,Normal
M_001163,2020-02-08T09:28:26,STK_002,USR_002,USR_004,235.34,1396,Normal
M_001144,2020-02-08T09:43:15,STK_004,USR_004,USR_009,1074.64,1665,Normal
M_001159,2020-02-08T09:51:18,STK_005,USR_004,USR_008,2614.63,896,Normal
M_001151,2020-02-08T10:08:17,STK_004,USR_001,USR_004,1067.28,284,Normal
M_001147,2020-02-08T10:14:36,STK_003,USR_002,USR_008,979.39,1365,Normal
M_001152,2020-02-08T10:22:17,STK_001,USR_008,USR_004,3357.82,800,Normal
M_001143,2020-02-08T10:29:10,STK_004,USR_007,USR_004,1076.28,638,Normal
M_001156,2020-02-08T10:39:10,STK_002,USR_005,USR_007,237.50,1796,Normal
M_001166,2020-02-08T11:12:45,STK_001,USR_001,USR_008,3376.37,1509,Normal
M_001155,2020-02-08T11:25:32,STK_004,USR_002,USR_009,1081.16,1062,Normal
M_001146,2020-02-08T11:26:48,STK_004,USR_004,USR_002,1078.23,473,Normal
M_001165,2020-02-08T11:30:47,STK_005,USR_002,USR_007,2597.49,1716,Normal
M_001160,2020-02-08T11:50:27,STK_003,USR_003,USR_001,977.53,1625,Normal
M_001149,2020-02-08T11:55:06,STK_001,USR_003,USR_001,3381.87,1195,Normal
M_001153,2020-02-08T12:49:30,STK_003,USR_008,USR_006,976.10,1049,Normal
M_001164,2020-02-08T12:57:06,STK_003,USR_001,USR_003,974.90,1726,Normal
M_001158,2020-02-08T13:01:54,STK_002,USR_001,USR_004,235.44,1043,Normal
M_001148,2020-02-08T13:07:16,STK_003,USR_010,USR_008,976.45,484,Normal
M_001161,2020-02-08T14:00:08,STK_005,USR_002,USR_005,2590.91,1085,Normal
M_001167,2020-02-08T14:25:36,STK_002,USR_006,USR_002,235.70,609,Normal
M_001145,2020-02-08T14:34:53,STK_003,USR_005,USR_009,975.89,1756,Normal
M_001162,2020-02-08T14:48:43,STK_003,USR_004,USR_006,973.80,1917,Normal
M_001204,2020-02-09T09:00:06,STK_001,USR_005,USR_001,3392.84,1160,Normal
M_001185,2020-02-09T09:17:04,STK_002,USR_002,USR_008,242.75,492,Normal
M_001208,2020-02-09T09:20:36,STK_004,USR_006,USR_003,1054.08,383,Normal
M_001192,2020-02-09T09:22:12,STK_001,USR_005,USR_002,3432.27,542,Normal
M_001186,2020-02-09T09:53:55,STK_001,USR_010,USR_007,3400.45,1447,Normal
M_001215,2020-02-09T10:05:49,STK_002,USR_010,USR_001,240.87,1398,Normal
M_001172,2020-02-09T10:13:34,STK_003,USR_001,USR_008,986.38,1547,Normal
M_001205,2020-02-09T10:13:46,STK_003,USR_001,USR_005,999.04,554,Normal
M_001169,2020-02-09T10:24:03,STK_005,USR_002,USR_003,2445.89,1099,Normal
M_001177,2020-02-09T10:24:39,STK_004,USR_005,USR_010,1043.06,1209,Normal
M_001198,2020-02-09T10:38:31,STK_005,USR_007,USR_009,2475.52,791,Normal
M_001179,2020-02-09T10:41:19,STK_001,USR_010,USR_006,3377.98,1689,Normal
M_001189,2020-02-09T10:53:59,STK_004,USR_002,USR_008,1043.60,1740,Normal
M_001206,2020-02-09T10:57:19,STK_003,USR_001,USR_005,996.84,1982,Normal
M_001211,2020-02-09T10:58:44,STK_001,USR_006,USR_008,3410.97,454,Normal
M_001170,2020-02-09T11:07:04,STK_003,USR_009,USR_006,994.23,1749,Normal
M_001195,2020-02-09T11:15:51,STK_005,USR_003,USR_009,2480.83,1634,Normal
M_001203,2020-02-09T11:18:45,STK_003,USR_008,USR_010,1006.09,913,Normal
M_001210,2020-02-09T11:19:56,STK_003,USR_002,USR_007,991.60,1265,Normal
M_001209,2020-02-09T11:24:43,STK_003,USR_010,USR_004,995.51,577,Normal
M_001217,2020-02-09T11:29:14.457000,STK_005,USR_010,USR_003,2459.40,6808,Wash_Trade
M_001218,2020-02-09T11:29:14.635000,STK_005,USR_003,USR_010,2460.33,5413,Wash_Trade
M_001219,2020-02-09T11:29:15.079000,STK_005,USR_010,USR_003,2465.68,8218,Wash_Trade
M_001220,2020-02-09T11:29:15.407000,STK_005,USR_003,USR_010,2461.10,9875,Wash_Trade
M_001221,2020-02-09T11:29:15.801000,STK_005,USR_010,USR_003,2460.14,9134,Wash_Trade
M_001222,2020-02-09T11:29:15.947000,STK_005,USR_003,USR_010,2464.04,6819,Wash_Trade
M_001223,2020-02-09T11:29:16.268000,STK_005,USR_010,USR_003,2465.64,7373,Wash_Trade
M_001224,2020-02-09T11:29:16.569000,STK_005,USR_003,USR_010,2464.49,6212,Wash_Trade
M_001225,2020-02-09T11:29:16.736000,STK_005,USR_010,USR_003,2465.17,7753,Wash_Trade
M_001200,2020-02-09T11:52:06,STK_005,USR_006,USR_010,2485.20,944,Normal
M_001214,2020-02-09T12:02:37,STK_003,USR_007,USR_010,996.03,1877,Normal
M_001168,2020-02-09T12:04:49,STK_001,USR_001,USR_006,3419.04,1420,Normal
M_001175,2020-02-09T12:09:52,STK_003,USR_008,USR_005,992.48,1876,Normal
M_001188,2020-02-09T12:20:04,STK_002,USR_010,USR_002,240.18,126,Normal
M_001178,2020-02-09T12:20:29,STK_004,USR_001,USR_009,1047.97,876,Normal
M_001194,2020-02-09T12:30:26,STK_002,USR_004,USR_009,239.36,1445,Normal
M_001183,2020-02-09T12:43:48,STK_003,USR_002,USR_010,995.94,1171,Normal
M_001191,2020-02-09T12:47:09,STK_003,USR_001,USR_005,994.49,1183,Normal
M_001173,2020-02-09T12:58:56,STK_005,USR_005,USR_009,2469.39,1527,Normal
M_001171,2020-02-09T12:59:35,STK_002,USR_001,USR_007,239.90,833,Normal
M_001197,2020-02-09T13:10:31,STK_004,USR_002,USR_003,1042.42,1722,Normal
M_001212,2020-02-09T13:26:39,STK_005,USR_002,USR_005,2454.37,176,Normal
M_001187,2020-02-09T13:27:33,STK_005,USR_010,USR_005,2462.38,200,Normal
M_001174,2020-02-09T13:27:39,STK_002,USR_010,USR_003,242.22,1213,Normal
M_001182,2020-02-09T13:31:43,STK_005,USR_003,USR_005,2469.85,760,Normal
M_001193,2020-02-09T13:43:42,STK_001,USR_002,USR_004,3379.80,1188,Normal
M_001181,2020-02-09T13:54:20,STK_004,USR_004,USR_009,1045.84,1499,Normal
M_001202,2020-02-09T13:57:59,STK_002,USR_007,USR_009,240.72,1996,Normal
M_001207,2020-02-09T14:02:22,STK_005,USR_009,USR_003,2478.75,293,Normal
M_001196,2020-02-09T14:04:49,STK_004,USR_002,USR_006,1044.82,1481,Normal
M_001213,2020-02-09T14:14:43,STK_004,USR_002,USR_001,1056.45,1987,Normal
M_001176,2020-02-09T14:26:57,STK_005,USR_003,USR_002,2430.81,1187,Normal
M_001180,2020-02-09T14:38:42,STK_002,USR_006,USR_002,241.53,1448,Normal
M_001216,2020-02-09T14:45:15,STK_004,USR_001,USR_005,1046.88,1173,Normal
M_001201,2020-02-09T14:45:50,STK_004,USR_006,USR_004,1049.46,1253,Normal
M_001190,2020-02-09T14:48:56,STK_001,USR_006,USR_009,3388.09,1622,Normal
M_001199,2020-02-09T14:59:06,STK_002,USR_009,USR_008,240.58,821,Normal
M_001184,2020-02-09T14:59:50,STK_001,USR_001,USR_003,3386.59,465,Normal
M_001245,2020-02-10T09:04:33,STK_001,USR_007,USR_005,3346.99,1457,Normal
M_001242,2020-02-10T09:10:02,STK_004,USR_010,USR_009,1049.85,189,Normal
M_001250,2020-02-10T09:11:44,STK_001,USR_004,USR_009,3348.83,724,Normal
M_001268,2020-02-10T09:14:14,STK_003,USR_002,USR_008,1026.47,374,Normal
M_001226,2020-02-10T09:26:55,STK_005,USR_007,USR_005,2466.64,274,Normal
M_001237,2020-02-10T09:29:47,STK_002,USR_010,USR_003,235.70,1879,Normal
M_001262,2020-02-10T09:37:02,STK_005,USR_009,USR_002,2443.89,477,Normal
M_001248,2020-02-10T09:54:23,STK_003,USR_008,USR_009,1029.65,280,Normal
M_001266,2020-02-10T10:11:50,STK_002,USR_001,USR_005,234.81,1340,Normal
M_001228,2020-02-10T10:13:39,STK_004,USR_009,USR_004,1041.53,1099,Normal
M_001261,2020-02-10T10:13:51,STK_004,USR_003,USR_010,1035.78,750,Normal
M_001235,2020-02-10T10:19:38,STK_004,USR_001,USR_004,1041.80,508,Normal
M_001255,2020-02-10T10:22:51,STK_003,USR_007,USR_003,1029.00,279,Normal
M_001249,2020-02-10T10:41:48,STK_002,USR_009,USR_008,233.76,1248,Normal
M_001271,2020-02-10T10:45:32,STK_002,USR_001,USR_007,232.38,1665,Normal
M_001260,2020-02-10T10:50:29,STK_002,USR_005,USR_009,234.92,1962,Normal
M_001259,2020-02-10T10:52:55,STK_002,USR_010,USR_009,232.93,1500,Normal
M_001257,2020-02-10T11:11:16,STK_005,USR_003,USR_007,2464.74,739,Normal
M_001243,2020-02-10T11:19:30,STK_002,USR_001,USR_005,233.15,511,Normal
M_001241,2020-02-10T11:21:15,STK_005,USR_008,USR_003,2426.27,1523,Normal
M_001238,2020-02-10T11:37:06,STK_001,USR_006,USR_002,3345.52,724,Normal
M_001234,2020-02-10T11:46:28,STK_002,USR_006,USR_008,236.24,1376,Normal
M_001263,2020-02-10T11:53:27,STK_002,USR_001,USR_006,235.13,1902,Normal
M_001233,2020-02-10T11:55:09,STK_003,USR_010,USR_001,1026.61,1676,Normal
M_001251,2020-02-10T12:02:10,STK_004,USR_007,USR_003,1040.63,137,Normal
M_001252,2020-02-10T12:09:23,STK_003,USR_006,USR_005,1023.96,583,Normal
M_001246,2020-02-10T12:16:43,STK_001,USR_001,USR_005,3356.78,1876,Normal
M_001236,2020-02-10T12:24:09,STK_002,USR_002,USR_010,235.08,1614,Normal
M_001256,2020-02-10T12:28:44,STK_005,USR_010,USR_004,2458.49,954,Normal
M_001254,2020-02-10T12:31:26,STK_001,USR_009,USR_005,3359.86,561,Normal
M_001270,2020-02-10T12:31:36,STK_004,USR_008,USR_003,1042.10,435,Normal
M_001229,2020-02-10T12:35:53,STK_005,USR_004,USR_009,2476.89,1361,Normal
M_001227,2020-02-10T12:37:38,STK_005,USR_007,USR_003,2457.18,1660,Normal
M_001232,2020-02-10T12:45:52,STK_004,USR_006,USR_010,1039.46,490,Normal
M_001264,2020-02-10T12:46:07,STK_004,USR_005,USR_008,1045.60,1627,Normal
M_001231,2020-02-10T12:54:52,STK_003,USR_010,USR_002,1029.99,330,Normal
M_001239,2020-02-10T13:05:47,STK_004,USR_001,USR_006,1034.81,528,Normal
M_001253,2020-02-10T13:33:45,STK_003,USR_001,USR_005,1033.48,1899,Normal
M_001269,2020-02-10T13:34:20,STK_005,USR_008,USR_006,2482.24,476,Normal
M_001230,2020-02-10T13:46:18,STK_002,USR_004,USR_002,233.69,645,Normal
M_001240,2020-02-10T13:53:49,STK_002,USR_004,USR_009,233.22,1171,Normal
M_001267,2020-02-10T14:09:40,STK_005,USR_004,USR_010,2471.22,572,Normal
M_001258,2020-02-10T14:30:36,STK_003,USR_008,USR_009,1026.16,369,Normal
M_001244,2020-02-10T14:37:29,STK_003,USR_001,USR_008,1024.10,1440,Normal
M_001265,2020-02-10T14:47:48,STK_003,USR_003,USR_004,1025.35,318,Normal
M_001247,2020-02-10T14:54:39,STK_004,USR_004,USR_007,1043.40,1141,Normal
M_001297,2020-02-11T09:03:08,STK_005,USR_008,USR_004,2426.25,544,Normal
M_001303,2020-02-11T09:17:42,STK_005,USR_010,USR_005,2436.69,778,Normal
M_001275,2020-02-11T09:22:50,STK_005,USR_007,USR_006,2436.49,907,Normal
M_001299,2020-02-11T09:43:21,STK_005,USR_010,USR_001,2424.94,601,Normal
M_001304,2020-02-11T09:47:53,STK_001,USR_002,USR_007,3405.27,465,Normal
M_001295,2020-02-11T10:11:51,STK_002,USR_001,USR_005,236.50,125,Normal
M_001293,2020-02-11T10:18:58,STK_002,USR_001,USR_007,238.27,730,Normal
M_001305,2020-02-11T10:28:06,STK_003,USR_010,USR_009,1059.79,463,Normal
M_001286,2020-02-11T10:37:41,STK_004,USR_010,USR_004,1056.57,1907,Normal
M_001301,2020-02-11T10:53:23,STK_001,USR_003,USR_010,3392.74,212,Normal
M_001272,2020-02-11T11:01:32,STK_002,USR_004,USR_002,234.79,462,Normal
M_001307,2020-02-11T11:43:27,STK_003,USR_006,USR_007,1062.52,1779,Normal
M_001294,2020-02-11T11:49:02,STK_004,USR_005,USR_003,1051.05,340,Normal
M_001292,2020-02-11T12:03:03,STK_005,USR_003,USR_010,2439.02,1879,Normal
M_001290,2020-02-11T12:29:45,STK_005,USR_010,USR_003,2438.23,875,Normal
M_001285,2020-02-11T12:34:40,STK_004,USR_006,USR_008,1049.02,151,Normal
M_001279,2020-02-11T12:36:03,STK_001,USR_009,USR_007,3381.79,1157,Normal
M_001281,2020-02-11T12:37:22,STK_003,USR_005,USR_008,1057.97,440,Normal
M_001282,2020-02-11T12:50:43,STK_003,USR_010,USR_001,1048.48,1513,Normal
M_001273,2020-02-11T12:59:54,STK_005,USR_008,USR_006,2441.03,1875,Normal
M_001289,2020-02-11T13:05:25,STK_003,USR_002,USR_009,1047.02,1548,Normal
M_001287,2020-02-11T13:08:19,STK_001,USR_005,USR_006,3400.07,1516,Normal
M_001306,2020-02-11T13:08:40,STK_005,USR_006,USR_001,2468.09,290,Normal
M_001278,2020-02-11T13:09:31,STK_001,USR_004,USR_009,3408.85,1201,Normal
M_001274,2020-02-11T13:09:52,STK_002,USR_007,USR_010,235.23,1689,Normal
M_001296,2020-02-11T13:10:28,STK_004,USR_008,USR_009,1058.07,1753,Normal
M_001284,2020-02-11T13:33:25,STK_001,USR_003,USR_009,3402.38,377,Normal
M_001283,2020-02-11T13:42:20,STK_002,USR_008,USR_010,236.08,285,Normal
M_001300,2020-02-11T13:58:55,STK_003,USR_010,USR_009,1058.32,1779,Normal
M_001291,2020-02-11T14:00:33,STK_004,USR_001,USR_003,1056.96,1968,Normal
M_001298,2020-02-11T14:21:35,STK_004,USR_008,USR_007,1043.89,1004,Normal
M_001276,2020-02-11T14:33:57,STK_005,USR_010,USR_009,2450.77,1175,Normal
M_001280,2020-02-11T14:44:25,STK_001,USR_004,USR_005,3409.69,1000,Normal
M_001277,2020-02-11T14:50:17,STK_001,USR_009,USR_002,3430.54,1024,Normal
M_001288,2020-02-11T14:54:12,STK_002,USR_002,USR_010,236.73,333,Normal
M_001302,2020-02-11T14:56:46,STK_003,USR_001,USR_003,1065.13,1848,Normal
M_001337,2020-02-12T09:13:37,STK_004,USR_009,USR_003,1060.09,489,Normal
M_001352,2020-02-12T09:15:50,STK_004,USR_001,USR_002,1064.21,885,Normal
M_001333,2020-02-12T09:17:16,STK_003,USR_007,USR_002,1072.36,1117,Normal
M_001336,2020-02-12T09:20:25,STK_002,USR_002,USR_008,241.24,1136,Normal
M_001343,2020-02-12T09:25:11,STK_001,USR_009,USR_005,3475.07,146,Normal
M_001308,2020-02-12T09:35:27,STK_003,USR_008,USR_003,1059.79,349,Normal
M_001321,2020-02-12T09:37:02,STK_003,USR_005,USR_009,1063.50,1226,Normal
M_001348,2020-02-12T09:55:54,STK_002,USR_009,USR_006,243.07,1225,Normal
M_001317,2020-02-12T10:04:33,STK_001,USR_008,USR_002,3480.98,1610,Normal
M_001314,2020-02-12T10:10:50,STK_005,USR_010,USR_008,2417.71,1164,Normal
M_001340,2020-02-12T10:12:28,STK_002,USR_001,USR_008,240.51,893,Normal
M_001326,2020-02-12T10:24:51,STK_004,USR_009,USR_006,1076.08,1047,Normal
M_001324,2020-02-12T10:35:55,STK_002,USR_006,USR_010,239.84,1988,Normal
M_001345,2020-02-12T10:45:09,STK_003,USR_005,USR_009,1048.86,753,Normal
M_001318,2020-02-12T10:53:13,STK_005,USR_007,USR_010,2407.98,193,Normal
M_001310,2020-02-12T10:54:36,STK_002,USR_010,USR_001,240.87,323,Normal
M_001334,2020-02-12T11:09:47,STK_003,USR_008,USR_005,1061.54,542,Normal
M_001350,2020-02-12T11:13:42,STK_002,USR_002,USR_005,240.35,1355,Normal
M_001347,2020-02-12T11:29:26,STK_001,USR_001,USR_009,3515.23,1152,Normal
M_001309,2020-02-12T11:29:52,STK_003,USR_009,USR_007,1064.13,1174,Normal
M_001330,2020-02-12T11:33:10,STK_001,USR_006,USR_007,3477.87,1383,Normal
M_001328,2020-02-12T11:52:18,STK_005,USR_009,USR_001,2413.91,526,Normal
M_001349,2020-02-12T11:53:56,STK_003,USR_003,USR_005,1061.71,1275,Normal
M_001322,2020-02-12T11:56:54,STK_001,USR_002,USR_006,3510.72,799,Normal
M_001339,2020-02-12T11:58:46,STK_002,USR_002,USR_009,240.89,1485,Normal
M_001319,2020-02-12T12:02:17,STK_003,USR_009,USR_004,1054.21,123,Normal
M_001351,2020-02-12T12:04:59,STK_005,USR_008,USR_001,2422.31,366,Normal
M_001338,2020-02-12T12:05:44,STK_004,USR_009,USR_005,1071.28,1688,Normal
M_001323,2020-02-12T12:36:17,STK_005,USR_010,USR_001,2424.26,1804,Normal
M_001327,2020-02-12T12:46:04,STK_001,USR_009,USR_005,3494.49,1257,Normal
M_001346,2020-02-12T13:00:54,STK_001,USR_005,USR_003,3483.87,422,Normal
M_001325,2020-02-12T13:21:39,STK_004,USR_001,USR_003,1079.47,1086,Normal
M_001341,2020-02-12T13:45:16,STK_001,USR_001,USR_005,3456.57,190,Normal
M_001335,2020-02-12T13:46:46,STK_003,USR_003,USR_002,1058.19,866,Normal
M_001313,2020-02-12T13:46:56,STK_005,USR_010,USR_006,2428.19,1998,Normal
M_001331,2020-02-12T13:51:47,STK_002,USR_010,USR_007,242.38,483,Normal
M_001311,2020-02-12T14:12:02,STK_005,USR_002,USR_008,2411.17,1582,Normal
M_001329,2020-02-12T14:15:20,STK_003,USR_006,USR_002,1059.04,405,Normal
M_001344,2020-02-12T14:15:25,STK_003,USR_004,USR_006,1057.92,510,Normal
M_001342,2020-02-12T14:24:33,STK_001,USR_006,USR_008,3493.30,1921,Normal
M_001332,2020-02-12T14:25:03,STK_001,USR_005,USR_006,3517.18,1553,Normal
M_001312,2020-02-12T14:30:17,STK_003,USR_007,USR_006,1067.85,631,Normal
M_001316,2020-02-12T14:32:49,STK_002,USR_005,USR_004,239.70,103,Normal
M_001315,2020-02-12T14:45:04,STK_004,USR_008,USR_003,1077.45,1909,Normal
M_001320,2020-02-12T14:49:51,STK_002,USR_005,USR_010,240.97,1718,Normal
M_001360,2020-02-13T09:16:31,STK_001,USR_008,USR_002,3500.63,819,Normal
M_001367,2020-02-13T09:36:04,STK_003,USR_004,USR_007,1090.62,1706,Normal
M_001372,2020-02-13T09:38:00,STK_005,USR_002,USR_007,2391.70,770,Normal
M_001371,2020-02-13T09:53:19,STK_004,USR_003,USR_005,1071.65,931,Normal
M_001363,2020-02-13T09:56:12,STK_004,USR_002,USR_006,1054.47,1238,Normal
M_001358,2020-02-13T10:18:29,STK_005,USR_005,USR_006,2397.13,902,Normal
M_001359,2020-02-13T10:40:08,STK_003,USR_006,USR_008,1098.40,1098,Normal
M_001369,2020-02-13T11:08:58,STK_002,USR_002,USR_008,242.85,334,Normal
M_001366,2020-02-13T11:13:05,STK_005,USR_003,USR_008,2403.41,886,Normal
M_001354,2020-02-13T12:01:29,STK_002,USR_009,USR_002,243.75,1989,Normal
M_001362,2020-02-13T12:10:23,STK_005,USR_010,USR_003,2397.81,1140,Normal
M_001365,2020-02-13T12:38:53,STK_005,USR_007,USR_004,2415.67,1371,Normal
M_001368,2020-02-13T12:57:45,STK_005,USR_006,USR_009,2413.01,1521,Normal
M_001355,2020-02-13T13:14:19,STK_005,USR_003,USR_002,2404.07,1764,Normal
M_001356,2020-02-13T13:15:44,STK_001,USR_008,USR_005,3511.82,1501,Normal
M_001361,2020-02-13T13:21:24,STK_004,USR_003,USR_005,1067.30,1672,Normal
M_001373,2020-02-13T13:29:57,STK_001,USR_002,USR_004,3510.53,1773,Normal
M_001370,2020-02-13T14:23:24,STK_005,USR_008,USR_006,2400.43,1236,Normal
M_001353,2020-02-13T14:25:33,STK_005,USR_008,USR_006,2396.23,739,Normal
M_001357,2020-02-13T14:51:56,STK_004,USR_008,USR_004,1072.29,558,Normal
M_001364,2020-02-13T14:54:41,STK_001,USR_005,USR_009,3520.88,1044,Normal
M_001374,2020-02-14T09:00:06,STK_002,USR_003,USR_008,246.14,1188,Normal
M_001386,2020-02-14T09:06:20,STK_001,USR_001,USR_003,3391.99,1577,Normal
